2992 5220
649 468 824 554 289:-

274 657 352 738 quin
381 635 483 724 videat
512 654 581 722 sua'
600 644 739 736 sponter
770 626 914 749 sed'es'sc
934 654 1083 733 undem,
1117 650 1203 735 quod

273 752 433 856 diximus,
464 770 591 838 nanrrae
615 766 808 853 congruam
839 788 878 838 eo
902 761 1028 854 ¹patebit
1055 766 1202 834 manifes⁴

272 891 362 972 iius,
394 908 459 972 quo
492 883 752 971 rnagis‘nativam
774 860 909 954 hominis
938 888 971 954 iu
1000 884 1205 967 disquirendo

273 1007 427 1072 rationem
456 980 691 1070 attenderimus.
728 1002 811 1070 Nam
835 1007 955 1088 homo,
977 1004 1119 1087 quamvis
1137 992 1207 1066 uniss

273 1139 381 1188 versas
413 1132 519 1187 mente
550 1120 634 1187 ideas
662 1097 817 1201 habeatj
840 1116 909 1188 sine
934 1122 1052 1204 quibus
1071 1119 1215 1206 judicare*
1305 1202 1308 1212 Ι

274 1237 314 1303 de
343 1237 436 1303 rebus
466 1239 538 1302 'non'
569 1235 699 1321 potest,
736 1251 838 1302 tamen
866 1239 1042 1323 asingulis
1070 1239 1109 1304 ad
1136 1232 1209 1301 uniss

175 1343 178 1354 '
273 1341 384 1435 versa,
415 1374 433 1418 a
463 1332 658 1437 simplicibus
688 1354 727 1418 ad
759 1354 957 1436 composita,
991 1354 1029 1418 ab
1059 1354 1097 1420 iis
1129 1370 1209 1435 quae

273 1470 380 1552 videt,
424 1470 530 1551 audit,
573 1467 717 1535 manibus
745 1483 940 1549 contrectat,
973 1470 1119 1537 sensibus
1143 1452 1210 1537 oni·

275 1588 352 1653 nino
394 1587 548 1676 percipit,
592 1587 631 1652 ad
669 1606 703 1652 ea
746 1606 827 1670 quae
861 1605 928 1652 non
967 1573 1075 1670 patent
1112 1578 1212 1654 sensi}

277 1707 362 1786 bus,
398 1705 617 1789 progreditur:
664 1721 730 1785 quo
767 1702 827 1783 lit,
871 1716 908 1767 ut
941 1702 1015 1768 haec
1057 1703 1213 1769 declaren-

278 1837 332 1887 tur
357 1821 492 1887 vocibus
523 1792 563 1885 ab
592 1819 717 1884 illorum
754 1817 940 1885 notionibus
970 1833 1002 1885 et
1025 1820 1211 1905 imaginibus

280 1937 397 2002 ductis.
463 1935 515 2003 Sic
557 1915 585 2000 a*
602 1935 735 2018 pueritia
774 1937 970 2016 suscepimus
1016 1936 1120 2000 animo
1166 1922 1213 2003 re·

210 2114 213 2121 ,
279 2070 350 2121 rum
391 2047 585 2115 sensibilium
619 2047 790 2126 notiones,
842 2060 875 2111 et
906 2049 962 2111 has
1002 2049 1150 2114 notiones
1180 2051 1214 2145 in

280 2173 363 2248 res,'
408 2165 553 2232 sensibus
571 2196 577 2209 ,
592 2182 657 2229 uon
706 2177 871 2247 patentes,
914 2163 1036 2230 divinas
1081 2165 1115 2231 in
1150 2169 1216 2252 pri'·

194 2351 197 2358 .
280 2285 369 2365 tuisf
389 2268 603 2348 traduximus:
636 2281 721 2347 unde
748 2279 820 2346 Diis
850 2278 917 2346 fere
943 2284 1090 2350 mortales
1112 2262 1240 2351 homiss⁴

282 2405 343 2470 nis·
363 2401 512 2481 fomram3
556 2413 643 2465 certe
667 2397 849 2483 ingenium,
883 2392 1080 2466 'tribuemus
1125 2400 1217 2466 Hane

281 2507 452 2588 naturalem
490 2507 751 2582 animadvertendi
789 2514 1032 2596 inquirendique
1063 2516 1216 2584 rationem

283 2636 474 2720 sequebatur
510 2633 674 2698 monendo*
715 2632 998 2715 praecipiendoque
1039 2631 1214 2701 Socrates:

284 2742 360 2840 puin
381 2754 470 2820 etiam
496 2753 607 2816 ducent
627 2768 663 2815 se
683 2749 849 2831 praebebat
868 2763 900 2814 et
920 2749 1066 2814 comitem
1094 2751 1217 2818 discen·

282 2874 314 2940 di
344 2870 518 2946 studiosis,
541 2883 576 2932 ut
603 2885 755 2932 unacum
782 2865 845 2930 illis
874 2865 1128 2933 animadverteret
1150 2887 1220 2935 orn·

283 2990 381 3071 nias>
400 2988 470 3072 ipse
502 2987 770 3062 submonstraret‚
813 2982 858 3045 illi
888 2983 1102 3046 attenderent:
1148 2984 1220 3066 ipse

286 3118 467 3185 quaereret,
511 3103 587 3182 quid
608 3102 689 3166 ellici-
716 3119 734 3165 e
757 3097 889 3183 singulis
918 3112 1050 3182 posset:
1096 3096 1157 3181 ipsi
1185 3099 1218 3166 id

286 3219 450 3285 efficerent.
493 3217 531 3280 ld
556 3217 671 3282 Gracci
691 3222 878 3302 saoneres
907 3236 1020 3283 vocare
1048 3218 1219 3304 solebant,

286 3352 340 3418 et,
371 3352 442 3401 esse
472 3323 550 3419 hanc
582 3333 758 3397 dialecticae
787 3335 937 3401 rationem
969 3310 1066 3400 unam
1091 3337 1222 3404 maxime

287 3469 417 3521 naturae
445 3459 709 3525 consentaneam,
753 3448 877 3531 linguae
908 3450 1033 3515 docent.
1098 3453 1135 3518 In
1170 3453 1221 3520 his

290 3573 368 3656 ipsis
397 3589 457 3635 nos
489 3562 662 3632 scribendis
690 3580 913 3644 saepenumero
937 3567 998 3648 jam
1018 3571 1088 3637 uiae
1116 3585 1148 3635 et
1168 3575 1223 3636 iti.

289 3691 375 3753 neris
403 3671 629 3769 usurpavimus
653 3681 833 3747 notionem:
858 3687 1022 3761 buretrum
1043 3701 1163 3754 veteres
1186 3691 1225 3756 de

290 3801 602 3886 ducendoproprie,
628 3800 684 3868 sed
710 3799 783 3867 item
809 3800 1056 3884 deportando,
1078 3825 1226 3892 exponen·

291 3920 348 4001 du,
371 3913 500 3985 docr'ndo
531 3935 743 4003 usurparunt:
767 3924 941 4003 μεθοδὸς
963 3922 1149 3987 vocabulum
1176 3936 1226 3986 est

291 4039 324 4107 in
341 4037 449 4104 lexicis
475 4036 659 4121 legitimum.
700 4036 787 4124 Quid
809 4038 905 4105 dicam
925 4037 965 4104 de
988 4041 1100 4105 nostro
1118 4036 1228 4104 under·

1164 4158 1228 4244 sq·-
