2992 5220
646 454 822 518 „47-

273 622 342 689 sive
371 638 458 686 ueras
489 619 674 702 reperissent
708 616 777 684 sive
810 616 974 682 finxissent
1005 619 1195 699 probabiles·
1269 591 1273 598 ⁸

274 738 398 825 Quibus
429 737 502 819 quis
540 732 761 800 animadversis
790 731 873 799 forte
900 733 972 798 inde
998 733 1131 816 efficiat,
1163 749 1202 800 ut

273 857 413 939 sapiente
428 851 603 935 proposito
633 849 688 913 has
719 850 874 917 doctrinas
905 852 1072 918 coluerunt
1092 849 1205 916 Orien·

273 975 375 1050 tales,
396 986 521 1050 nosque
542 966 674 1032 colimus
701 965 795 1031 hodie
822 986 929 1034 eorum
960 969 1137 1050 exemplum
1157 985 1208 1033 se-

274 1087 363 1166 cuti,
385 1085 431 1153 sic
457 1085 597 1151 Graecos
612 1084 758 1149 evolasse
775 1097 915 1164 temere,
935 1098 1095 1167 spectasse
1119 1083 1208 1164 quod

274 1205 435 1287 placeret,
457 1201 543 1283 quod
571 1218 648 1266 vero
683 1199 760 1265 utile
789 1215 873 1266 esset
902 1201 1083 1266 hominibus
1105 1200 1209 1267 horni-

180 1310 182 1315 ’
274 1335 416 1400 numque
443 1317 585 1383 societati
608 1315 795 1398 neglexisse.
822 1314 825 1321 “
855 1317 919 1384 Cui
946 1335 1006 1402 ego
1036 1317 1210 1385 sententiae

274 1435 358 1501 haud
380 1434 473 1501 facile
502 1433 667 1499 assentiar.
732 1432 933 1514 Utilitatem,
975 1433 1098 1516 fateor,
1142 1453 1210 1501 non

274 1566 455 1635 spectarunt
479 1552 657 1629 continuo,
689 1568 770 1632 quae
795 1549 863 1622 vita
884 1552 1050 1617 commode
1073 1565 1211 1636 apteque

276 1669 473 1753 transigenda
503 1667 658 1732 cernitur:
694 1687 880 1751 quamquam
909 1669 941 1732 in
970 1668 1048 1753 ipsis
1076 1669 1139 1734 illis
1169 1671 1211 1736 de

276 1788 426 1852 universo
447 1785 630 1857 fictionibus
661 1784 743 1849 haud
770 1783 962 1864 defuerunt,
986 1804 1066 1868 quae
1089 1786 1214 1870 Coper'·

277 1902 350 1968 nico
378 1915 409 1966 et
435 1903 598 1967 Newtono
629 1898 709 1967 viam
738 1917 871 1984 possent
898 1902 1056 1982 indicare,
1080 1923 1142 1984 qua
1172 1903 1213 1968 ad

279 2036 436 2083 summurn
463 2017 548 2081 uitae
567 2031 693 2081 nostrae
720 2021 965 2081 emolumentum
988 2018 1212 2082 astronomiam

278 2148 457 2210 tractarent.
503 2131 593 2211 Sed,
615 2129 742 2212 fateor,
761 2150 827 2195 non
854 2146 1035 2214 spectarunt
1054 2131 1131 2198 haec
1151 2134 1214 2218 Py*

279 2251 445 2336 thagorei3
487 2263 702 2316 verumtamen
739 2266 803 2313 non
845 2267 942 2313 unum
977 2263 1027 2313 est
1067 2249 1214 2317 utilitatis

278 2388 399 2455 genus:
444 2381 493 2433 est
521 2366 598 2431 illud
627 2364 743 2447 etiam,
787 2365 870 2430 haud
903 2384 978 2432 sane
1010 2380 1213 2432 contemnen-

279 2486 377 2566 dum,
407 2484 495 2567 quod
518 2502 583 2549 non
607 2483 648 2548 ad
677 2500 750 2563 res,
783 2481 840 2547 sed
868 2481 906 2546 ad
931 2483 1088 2548 hominem
1113 2483 1212 2568 perti-

189 2672 192 2679 ,
278 2617 354 2683 net,
389 2602 476 2681 quod
499 2599 636 2665 hominis
663 2599 834 2665 erudiendo
860 2602 1097 2684 excolendoque
1126 2603 1215 2686 inge·

262 2703 334 2783 snio
373 2715 565 2780 continetur.
629 2713 702 2778 Nos
739 2717 940 2798 geometriam
971 2735 1037 2783 non
1066 2719 1213 2786 metiendi

279 2848 400 2899 tanrtnn
426 2850 535 2896 caussa
565 2844 757 2910 tractamus,
800 2833 857 2897 sed
886 2851 1057 2916 puerorum
1086 2837 1214 2904 adhibe-

279 2972 350 3017 mus
374 2948 589 3014 institutioni:
623 2949 717 3032 qu'us
747 2949 841 3013 studii
872 2953 1019 3030 quaesit
1045 2966 1076 3016 et
1097 2968 1214 3033 quanta

282 3066 399 3130 utilitas
422 3080 454 3130 et
474 3065 629 3130 cernimus
659 3066 802 3145 quotidie
822 3080 852 3129 et
874 3067 935 3148 ipsi
962 3085 1072 3132 sumus
1091 3087 1108 3132 a
1128 3082 1216 3135 tene·

283 3181 325 3249 ris
345 3162 477 3262 experti.
516 3182 556 3247 ld
579 3197 681 3247 autem
710 3182 839 3249 Graecis
860 3184 1038 3250 debemus:
1064 3202 1128 3249 non
1146 3186 1215 3252 Eu·

280 3296 373 3376 clidi,
396 3313 581 3378 quamquam
603 3298 697 3380 hujus
725 3315 871 3386 Στοιχεῖα
891 3319 930 3368 eo
957 3304 1123 3394 valuerunt
1144 3306 1217 3387 plu·

181 3476 184 3482 .
264 3415 416 3493 ‘rimum3
438 3411 495 3476 sed
519 3411 747 3492 Pythagoreis,
770 3418 825 3497 qui
854 3433 997 3485 auctores
1020 3420 1115 3504 hujus
1147 3435 1216 3488 stu-

280 3533 323 3597 dii
352 3528 553 3610 institutique
583 3527 715 3593 habendi
742 3546 839 3611 sunt,
877 3548 944 3599 turn
971 3542 1048 3600 vero
1077 3537 1215 3611 Platoni.

282 3648 354 3712 Sint
380 3646 477 3730 igitur
504 3645 548 3709 illi
578 3646 617 3710 de
648 3645 741 3712 rebus
776 3648 918 3731 physicis
947 3653 991 3716 sic
1013 3653 1216 3742 philosopha·

284 3765 328 3846 ti,
351 3777 387 3828 ut
414 3762 511 3828 risum
544 3762 680 3827 excitent
706 3782 763 3830 nec
789 3765 944 3831 immerito
973 3770 1114 3853 physicis
1139 3793 1217 3840 nos·

279 3881 361 3947 tris:
385 3880 463 3944 hanc
493 3878 586 3944 iidem
615 3899 654 3946 ex
687 3877 861 3965 geometril
888 3885 1073 3968 artibusque
1098 3878 1217 3956 inathe-

281 3997 401 4067 nraticis
425 3994 591 4062 utilitatem
613 3996 696 4065 vitae
721 3998 881 4068 hominurn
913 4018 944 4069 et
976 4004 1118 4072 societati
1138 4017 1215 4071 con·-

1127 4122 1213 4191 cilia.
