2992 5220
758 414 967 515 ...40⁸-

418 617 540 685 modo?
560 649 606 667 -
627 615 748 682 Fierine
769 614 864 698 igitur
894 626 1023 697 potest,
1045 626 1081 679 ut
1104 614 1208 680 eaden
1236 628 1345 679 nanrra

417 737 581 820 Φιλόσοφος
613 730 656 798 sit
685 744 717 796 et
740 735 952 816 ’Φιλοψεύδηςς
992 730 1173 815 sapientiam
1202 742 1284 794 amet
1313 743 1346 793 et

418 847 635 920 mendacium?
656 884 700 900 -
720 846 798 911 Non
823 859 942 930 potest.
964 883 1009 899 —
1029 847 1117 931 Ergo
1134 845 1273 912 distendi
1292 862 1348 908 cu·

417 965 538 1053 pidus,
559 983 686 1031 necesse
711 979 784 1044 est,
807 978 843 1028 ut
866 982 884 1027 a
913 982 1012 1046 puero
1039 963 1111 1028 inde
1139 980 1262 1041 ornnem
1294 977 1348 1025 ve·

414 1078 536 1146 ritatem
566 1077 766 1161 veliementer
785 1092 923 1162 appetat.
945 1109 993 1127 -
1013 1079 1160 1144 Prorsus.
1182 1115 1227 1133 -
1247 1078 1347 1159 Atqui

417 1193 503 1277 apud
531 1210 622 1276 quem
654 1195 840 1278 cupiditates
872 1195 1052 1260 incertum
1081 1196 1225 1277 quiddam
1257 1195 1350 1259 vehe-

417 1323 538 1379 menter
562 1311 721 1394 tendunt,
754 1312 892 1390 seimus,
923 1328 974 1376 eas
1004 1310 1036 1373 in
1065 1309 1123 1374 alia
1152 1308 1256 1374 omnia
1285 1310 1352 1373 len·

416 1425 483 1499 tius
523 1427 716 1509 procedere,
760 1440 796 1491 ut
829 1425 945 1488 flumen
976 1422 1051 1488 illuc
1083 1423 1268 1489 derivatum.
1303 1457 1353 1477 -

417 1538 569 1625 Quidnil
597 1573 644 1595 ι·-
673 1538 771 1621 Apud
799 1556 892 1618 quem
923 1539 1017 1623 igitur
1042 1540 1080 1604 ad
1110 1539 1291 1624 disciplinas
1319 1554 1352 1606 et

419 1652 531 1719 similia
554 1653 656 1720 omnia
676 1653 858 1735 profluunt,
880 1654 980 1737 ipsius
1010 1670 1152 1739 spectant
1174 1656 1268 1723 animi
1293 1676 1351 1722 vo·

416 1771 596 1854 luptatem,
626 1769 769 1854 corporis
795 1790 860 1845 non
888 1787 1053 1855 spectante
1085 1774 1113 1839 si
1138 1772 1263 1855 quidem
1286 1792 1352 1838 non

416 1883 505 1953 falso·
532 1887 604 1969 quis
632 1885 692 1968 sit,
716 1888 773 1953 sed
800 1905 873 1953 vere
891 1888 1116 1973 philosophus.
1139 1926 1185 1944 -
1206 1890 1354 1955 Summo·

416 2022 494 2091 pere
519 2021 650 2070 necesse
675 2017 736 2069 est.
759 2038 806 2063 -μ
827 2004 1021 2088 Temperans
1042 2005 1138 2089 igitur
1160 2003 1231 2070 talis
1254 2005 1351 2069 homo

418 2120 479 2186 erit
506 2119 695 2202 minimeque
720 2119 872 2202 pecuniae
889 2120 1047 2204 cupidus:
1071 2124 1163 2205 cujus
1184 2123 1265 2186 enim
1286 2141 1354 2205 gra·

417 2239 464 2306 tit
491 2240 588 2324 vulgo
614 2252 646 2303 et
673 2238 872 2319 acquirendis
903 2250 936 2301 et
967 2235 1179 2316 expendendis
1210 2233 1353 2317 pecuniis

417 2356 586 2437 studetur,
608 2355 641 2421 id
662 2354 789 2419 studere
819 2351 914 2415 alium
943 2351 1086 2431 quemvis
1117 2351 1237 2435 magis,
1260 2372 1353 2434 quam
1467 2429 1472 2439 .

418 2471 530 2550 illum,
553 2470 671 2532 deceat.
699 2502 747 2516 -
773 2464 925 2530 Omnino.
957 2501 1004 2519 —
1033 2466 1078 2532 Et
1104 2485 1180 2533 vero
1200 2468 1233 2533 id
1263 2469 1353 2536 etiam

419 2581 617 2648 considerate
636 2592 790 2663 oportet,
813 2579 841 2644 si
863 2578 1041 2647 discernere
1059 2582 1280 2668 philosopham
1301 2604 1356 2651 na-

418 2713 545 2778 turam,
567 2712 709 2776 quaeque
739 2712 802 2760 non
831 2696 873 2761 sit
893 2697 1106 2780 philosopha,
1137 2700 1217 2764 velis
1241 2698 1285 2765 (¹³.
1307 2737 1353 2753 -··

417 2814 505 2902 Quid
533 2812 681 2877 tandem?
701 2850 750 2869 -
770 2812 823 2876 Ne
845 2811 945 2894 fugiat
970 2827 1027 2889 te,
1050 2813 1266 2881 illiberalitatis
1286 2832 1352 2881 eam

416 2950 488 3000 esse
517 2929 723 3016 participent
755 2928 1011 3012 pusillanimitate
1039 2928 1121 2994 enim
1149 2928 1228 2995 nihil
1256 2932 1353 3015 magis

420 3047 609 3116 contrarium
636 3044 741 3112 animo
772 3060 844 3125 est,
879 3043 934 3125 qui
960 3062 1009 3109 res
1042 3062 1150 3110 omnes
1178 3046 1299 3114 divinas
1325 3065 1358 3117 et
1438 3118 1442 3127 ,

421 3167 572 3231 humanas
589 3176 671 3229 totas
691 3162 794 3225 studet
814 3160 971 3242 amplecti.
984 3161 1130 3226 -Nihil
1140 3162 1359 3246 profecto·-

423 3279 488 3345 Cui
516 3294 592 3343 vero
623 3276 720 3339 menti
749 3276 985 3359 magnanimitas
1014 3278 1142 3363 propria
1164 3294 1214 3346 est
1240 3281 1357 3347 omnis·

423 3412 486 3478 que
524 3392 675 3474 temporis
712 3407 744 3458 et
781 3394 920 3460 veritatis
961 3397 1205 3481 contemplatio,
1248 3394 1357 3462 fierine

421 3526 519 3600 posse
539 3522 657 3613 putas,
689 3525 724 3576 ut
747 3509 820 3576 huic
850 3530 994 3596 magnum
1025 3511 1194 3592 quidesse
1216 3509 1357 3580 videatur

1291 3629 1356 3701 vita

457 3803 500 3875 (ι)
521 3801 614 3856 utun
628 3815 657 3866 p.
673 3797 733 3850 sss.
750 3813 801 3866 pro
819 3793 906 3867 otoo
926 3772 1088 3866 diatonon
1115 3797 1224 3866 serapin
1250 3794 1283 3866 φ,
1306 3794 1357 3865 a,

424 3909 572 3983 λοσίΦου,
597 3919 628 3965 ul
655 3917 738 3968 vertit
765 3914 892 3979 Ficinus3
919 3914 986 3967 mihi
1004 3916 1108 3987 vulgata
1124 3915 1226 3982 lectio,
1257 3917 1357 3989 quippo

421 4015 500 4089 unice
518 4012 676 4080 Platonica,
696 4015 827 4073 sananda
844 4013 961 4075 videtur.
