2992 5220
807 466 955 534 ..4-

417 649 538 739 indigna
559 656 632 724 haec
655 658 780 728 homine
796 664 907 746 placita
931 664 998 730 sive
1017 663 1171 748 proferret
1192 668 1224 733 in
1241 668 1341 736 lucem

417 767 485 842 sive
521 774 765 842 commendaret:
816 778 872 843 scd
908 779 1078 845 eorundem
1114 780 1348 847 Germanorum.

417 885 499 951 haud
526 889 616 970 pauci
645 888 796 973 filerunt,
818 894 1049 978 posterioribus
1071 896 1202 963 maxime
1222 911 1346 981 tenpo-

415 1000 503 1070 ribus
525 1005 634 1088 hlsce,
678 1009 732 1091 qui
762 1009 951 1092 inquirendi
966 1012 1143 1097 diligentiae
1170 1000 1344 1080 sermimti·

418 1136 482 1202 que
509 1139 631 1190 omnem
642 1123 742 1208 ,ffvixi
751 1128 845 1191 ullam
875 1128 1113 1210 perspicuitati,
1135 1146 1262 1212 operam
1290 1148 1346 1196 na·

414 1248 547 1315 nantes,
570 1244 623 1302 iet
649 1238 716 1304 suis
736 1239 809 1321 'gipsi
835 1241 958 1324 placitis
978 1257 1010 1308 et
1040 1244 1101 1307 toti
1126 1240 1345 1327 philosophiae

416 1350 464 1416 sic
502 1349 644 1419 tenebras
675 1351 894 1438 offunderent,
936 1373 974 1425 ut
1007 1358 1046 1424 ab
1083 1360 1151 1444 ejus
1179 1361 1286 1427 studio
1313 1376 1346 1428 et

417 1464 623 1555 cognitione,
645 1473 784 1556 exceptis
807 1475 1029 1558 philosophis,
1049 1490 1189 1544 caeteros
1204 1477 1345 1546 homines

416 1588 616 1655 excluderent
652 1609 771 1657 omnes.
835 1590 938 1678 Quam
970 1592 1215 1683 philosophandi
1254 1596 1347 1661 ratio·

418 1721 512 1785 nem,
532 1705 638 1773 ubivis
656 1706 793 1774 hodiein
814 1708 880 1776 dies
893 1709 1131 1778 invalescentem
1140 1712 1258 1794 magis,
1280 1727 1343 1780 tam

416 1822 538 1891 'artibus
564 1823 797 1910 doctrinisque,
839 1847 931 1911 quam
957 1828 1017 1911 ipsi
1046 1828 1266 1914 philosophiae
1291 1848 1346 1897 ve·

418 1938 578 2009 trementer
605 1961 739 2025 nocere,
760 1962 853 2011 nemo
875 1960 946 2026 est,
970 1947 1047 2030 quin
1070 1960 1186 2031 sponte
1214 1946 1344 2026 videat,
1388 2029 1393 2039 Ι
1435 1937 1440 1951 “

416 2071 451 2126 et
481 2058 544 2144 ipsi
572 2056 911 2148 fatentur-‚dolentque
940 2063 1084 2130 cultioris
1112 2062 1229 2148 ingenii
1263 2062 1346 2129 Ger·

416 2177 513 2247 mni·
643 2181 647 2197 .

313 2262 321 2289 ’
414 2379 419 2387 ¹
458 2293 607 2382 Longum
635 2296 719 2378 hoc,
761 2297 842 2364 dicat
875 2297 1010 2380 aliquis,
1044 2297 1238 2382 prooemium
1274 2311 1344 2365 esta

414 2419 527 2502 μακρδν
547 2419 581 2485 rb
599 2419 746 2502 προοίμιον
764 2420 806 2502 τῷ
827 2420 1014 2500 ἐπιθυμοῦντι
1039 2421 1180 2486 ἀκοῦσαι·
1223 2414 1344 2481 Verum

415 2546 558 2600 nostrum
578 2551 643 2598 non
661 2533 723 2599 hoc
749 2533 842 2599 unice
869 2533 1070 2617 propositum
1094 2546 1166 2612 est,
1188 2546 1225 2598 ut
1242 2531 1347 2616 philo-

414 2649 558 2732 sophiam
587 2648 726 2712 Platonis
760 2648 1016 2728 interpretemur3
1061 2648 1139 2710 illud
1167 2663 1345 2729 spectamus
1378 2718 1381 2739 Ι

411 2764 513 2847 item,
559 2763 646 2844 quod
680 2763 750 2846 jure
780 2760 852 2844 quis
891 2761 930 2826 ab
973 2761 1143 2844 interprete
1182 2764 1346 2844 postulet,

413 2894 453 2950 ut
480 2880 772 2966 interpretandam
803 2877 1020 2960 praesentibus
1044 2877 1240 2961 temporibus
1270 2896 1347 2944 con·

414 3001 566 3068 auhmus.
632 2995 737 3063 Nemo
767 3007 840 3073 est,
883 2995 960 3078 quin
992 3004 1081 3078 optet
1102 2995 1266 3077 ardenter,
1307 3009 1346 3062 ut

412 3128 510 3200 'quarn
530 3113 611 3181 viam
628 3113 777 3179 inivimus
798 3129 890 3178 verae
914 3111 1162 3196 philosophiae,
1186 3130 1271 3196 quae
1283 3126 1346 3181 tam

411 3229 608 3316 disceptandi
627 3228 807 3312 diligentia,
837 3248 928 3311 quarn
949 3228 1177 3312 popularitate,
1198 3229 1345 3299 omnibus

413 3348 499 3419 esset
517 3345 701 3416 mortalibus
727 3345 892 3426 salutaris,
924 3345 1003 3410 hanc
1035 3345 1114 3412 viam
1145 3347 1178 3412 in
1205 3363 1346 3417 neutram

414 3465 609 3534 discedentes
631 3477 751 3546 partem
779 3475 959 3529 constanter
989 3481 1226 3547 persequamur.
1268 3468 1345 3534 Pro·

408 3585 505 3651 'desse
533 3596 636 3648 autem
667 3580 740 3646 huic
767 3579 896 3660 studio,
928 3597 1003 3646 sane
1024 3598 1117 3663 quam
1138 3581 1345 3664 generosissi-

414 3719 489 3780 mo,
534 3696 610 3763 nihil
641 3697 758 3781 poterit
788 3695 911 3780 magis,
943 3715 1036 3779 quam
1067 3695 1096 3761 si
1123 3695 1282 3764 Socratem
1313 3709 1346 3764 et

412 3813 595 3896 Platonem,
625 3812 727 3899 ipsius
746 3812 966 3896 philosophiae
986 3811 1021 3878 in
1046 3811 1209 3879 hominum
1232 3831 1346 3897 genere

411 3945 574 4021 parentes,
608 3931 699 4014 sequi
727 3945 899 3997 conemurr
931 3944 997 3994 non
1021 3938 1083 4010 ut,
1106 3943 1276 4009 puerorum
1294 3929 1341 3994 in·

1252 4059 1339 4126 star,
