<?xml version="1.0" encoding="UTF-8"?>
<!DOCTYPE html PUBLIC "-//W3C//DTD XHTML 1.0 Transitional//EN"
    "http://www.w3.org/TR/xhtml1/DTD/xhtml1-transitional.dtd">
<html xmlns="http://www.w3.org/1999/xhtml" xml:lang="en" lang="en">
 <head>
  <title>
</title>
<meta http-equiv="Content-Type" content="text/html;charset=utf-8" />
  <meta name='ocr-system' content='tesseract 3.04.00' />
  <meta name='ocr-capabilities' content='ocr_page ocr_carea ocr_par ocr_line ocrx_word'/>
</head>
<body>
  <div class='ocr_page' id='page_1' title='image "./initiaphilosoph01heusgoog_0322.png"; bbox 0 0 2992 5220; ppageno 0'>
   <div class='ocr_carea' id='block_1_1' title="bbox 831 430 1029 498">
    <p class='ocr_par' dir='ltr' id='par_1_1' title="bbox 831 430 1029 498">
     <span class='ocr_line' id='line_1_1' title="bbox 831 430 1029 498; baseline 0.025 -6"><span class='ocrx_word' id='word_1_1' title='bbox 831 430 1029 498; x_wconf 43' lang='lat' dir='ltr'><em>*sni-³</em></span> 
     </span>
    </p>
   </div>
   <div class='ocr_carea' id='block_1_2' title="bbox 441 584 1391 1855">
    <p class='ocr_par' dir='ltr' id='par_1_2' title="bbox 441 584 1391 1855">
     <span class='ocr_line' id='line_1_2' title="bbox 453 584 1391 705; baseline 0.017 -37"><span class='ocrx_word' id='word_1_2' title='bbox 453 584 646 705; x_wconf 61' lang='lat' dir='ltr'><em>dens‚²n0&#39;n</em></span> <span class='ocrx_word' id='word_1_3' title='bbox 673 596 838 698; x_wconf 71' lang='lat' dir='ltr'><em>opinione,</em></span> <span class='ocrx_word' id='word_1_4' title='bbox 858 608 912 674; x_wconf 87' lang='lat' dir='ltr'><em>sed</em></span> <span class='ocrx_word' id='word_1_5' title='bbox 932 628 967 674; x_wconf 89' lang='lat' dir='ltr'><em>re</em></span> <span class='ocrx_word' id='word_1_6' title='bbox 993 622 1129 696; x_wconf 83' lang='lat' dir='ltr'><em>arguens</em></span> <span class='ocrx_word' id='word_1_7' title='bbox 1158 635 1195 677; x_wconf 88' lang='lat' dir='ltr'><em>ae</em></span> <span class='ocrx_word' id='word_1_8' title='bbox 1215 604 1391 701; x_wconf 72' lang='lat' dir='ltr'><em>refellens,</em></span> 
     </span>
     <span class='ocr_line' id='line_1_3' title="bbox 453 725 1381 825; baseline 0.017 -38"><span class='ocrx_word' id='word_1_9' title='bbox 453 725 490 787; x_wconf 87' lang='lat' dir='ltr'><em>in</em></span> <span class='ocrx_word' id='word_1_10' title='bbox 516 726 566 791; x_wconf 85' lang='lat' dir='ltr'><em>llis</em></span> <span class='ocrx_word' id='word_1_11' title='bbox 596 725 732 791; x_wconf 86' lang='lat' dir='ltr'><em>omnibus</em></span> <span class='ocrx_word' id='word_1_12' title='bbox 759 725 868 825; x_wconf 67' lang='lat' dir='ltr'><em>&#39;stabili</em></span> <span class='ocrx_word' id='word_1_13' title='bbox 894 743 924 791; x_wconf 93' lang='lat' dir='ltr'><em>et</em></span> <span class='ocrx_word' id='word_1_14' title='bbox 951 730 1131 795; x_wconf 84' lang='lat' dir='ltr'><em>inconeussd</em></span> <span class='ocrx_word' id='word_1_15' title='bbox 1159 736 1280 799; x_wconf 87' lang='lat' dir='ltr'><em>ratione</em></span> <span class='ocrx_word' id='word_1_16' title='bbox 1308 755 1381 822; x_wconf 88' lang='lat' dir='ltr'><em>pro·</em></span> 
     </span>
     <span class='ocr_line' id='line_1_4' title="bbox 448 841 1380 937; baseline 0.017 -33"><span class='ocrx_word' id='word_1_17' title='bbox 448 841 567 925; x_wconf 77' lang='lat' dir='ltr'><em>gredi,</em></span> <span class='ocrx_word' id='word_1_18' title='bbox 596 843 677 909; x_wconf 79' lang='lat' dir='ltr'><em>hunc</em></span> <span class='ocrx_word' id='word_1_19' title='bbox 709 864 803 928; x_wconf 83' lang='lat' dir='ltr'><em>neque</em></span> <span class='ocrx_word' id='word_1_20' title='bbox 829 847 928 931; x_wconf 89' lang='lat' dir='ltr'><em>ipsum</em></span> <span class='ocrx_word' id='word_1_21' title='bbox 956 847 1065 909; x_wconf 78' lang='lat' dir='ltr'><em>honrem</em></span> <span class='ocrx_word' id='word_1_22' title='bbox 1098 848 1176 915; x_wconf 87' lang='lat' dir='ltr'><em>dices</em></span> <span class='ocrx_word' id='word_1_23' title='bbox 1205 871 1380 937; x_wconf 73' lang='lat' dir='ltr'><em>cognoscere</em></span> 
     </span>
     <span class='ocr_line' id='line_1_5' title="bbox 450 960 1384 1058; baseline 0.021 -39"><span class='ocrx_word' id='word_1_24' title='bbox 450 972 550 1042; x_wconf 88' lang='lat' dir='ltr'><em>neque</em></span> <span class='ocrx_word' id='word_1_25' title='bbox 581 960 673 1026; x_wconf 89' lang='lat' dir='ltr'><em>aliud</em></span> <span class='ocrx_word' id='word_1_26' title='bbox 700 960 908 1048; x_wconf 90' lang='lat' dir='ltr'><em>quodcumque</em></span> <span class='ocrx_word' id='word_1_27' title='bbox 934 964 1043 1027; x_wconf 85' lang='lat' dir='ltr'><em>bonum</em></span> <span class='ocrx_word' id='word_1_28' title='bbox 1055 991 1069 1048; x_wconf 90' lang='lat'><em>;</em></span> <span class='ocrx_word' id='word_1_29' title='bbox 1092 986 1224 1048; x_wconf 79' lang='lat' dir='ltr'><em>terum,</em></span> <span class='ocrx_word' id='word_1_30' title='bbox 1246 975 1273 1035; x_wconf 89' lang='lat' dir='ltr'><em>si</em></span> <span class='ocrx_word' id='word_1_31' title='bbox 1300 971 1384 1058; x_wconf 80' lang='lat' dir='ltr'><em>q&#39;uod</em></span> 
     </span>
     <span class='ocr_line' id='line_1_6' title="bbox 443 1073 1384 1170; baseline 0.017 -33"><span class='ocrx_word' id='word_1_32' title='bbox 443 1073 534 1157; x_wconf 84' lang='lat' dir='ltr'><em>sorte</em></span> <span class='ocrx_word' id='word_1_33' title='bbox 556 1078 758 1142; x_wconf 80' lang='lat' dir='ltr'><em>simulacrum</em></span> <span class='ocrx_word' id='word_1_34' title='bbox 788 1083 959 1161; x_wconf 77' lang='lat' dir='ltr'><em>attigerit,</em></span> <span class='ocrx_word' id='word_1_35' title='bbox 999 1085 1138 1170; x_wconf 81' lang='lat' dir='ltr'><em>opinione</em></span> <span class='ocrx_word' id='word_1_36' title='bbox 1168 1084 1301 1168; x_wconf 86' lang='lat' dir='ltr'><em>bonum,</em></span> <span class='ocrx_word' id='word_1_37' title='bbox 1323 1082 1384 1155; x_wconf 79' lang='lat' dir='ltr'><em>non</em></span> 
     </span>
     <span class='ocr_line' id='line_1_7' title="bbox 449 1174 1381 1282; baseline 0.018 -29"><span class='ocrx_word' id='word_1_38' title='bbox 449 1190 582 1255; x_wconf 77' lang='lat' dir='ltr'><em>seientid</em></span> <span class='ocrx_word' id='word_1_39' title='bbox 593 1239 605 1272; x_wconf 86' lang='lat'><em>,</em></span> <span class='ocrx_word' id='word_1_40' title='bbox 637 1199 780 1279; x_wconf 76' lang='lat' dir='ltr'><em>assequi,</em></span> <span class='ocrx_word' id='word_1_41' title='bbox 811 1212 905 1282; x_wconf 92' lang='lat' dir='ltr'><em>atque</em></span> <span class='ocrx_word' id='word_1_42' title='bbox 932 1174 991 1263; x_wconf 72' lang='lat' dir='ltr'><em>dac</em></span> <span class='ocrx_word' id='word_1_43' title='bbox 1008 1202 1042 1262; x_wconf 93' lang='lat' dir='ltr'><em>in</em></span> <span class='ocrx_word' id='word_1_44' title='bbox 1070 1204 1137 1266; x_wconf 79' lang='lat' dir='ltr'><em>nita</em></span> <span class='ocrx_word' id='word_1_45' title='bbox 1159 1202 1381 1270; x_wconf 73' lang='lat' dir='ltr'><em>dormitantem</em></span> 
     </span>
     <span class='ocr_line' id='line_1_8' title="bbox 441 1305 1382 1407; baseline 0.013 -37"><span class='ocrx_word' id='word_1_46' title='bbox 441 1305 519 1388; x_wconf 86' lang='lat' dir='ltr'><em>sere</em></span> <span class='ocrx_word' id='word_1_47' title='bbox 542 1327 582 1372; x_wconf 88' lang='lat' dir='ltr'><em>ao</em></span> <span class='ocrx_word' id='word_1_48' title='bbox 603 1314 825 1394; x_wconf 81' lang='lat' dir='ltr'><em>somniantem,</em></span> <span class='ocrx_word' id='word_1_49' title='bbox 842 1318 1029 1400; x_wconf 75' lang='lat' dir='ltr'><em>prinsquam</em></span> <span class='ocrx_word' id='word_1_50' title='bbox 1051 1317 1101 1381; x_wconf 81' lang='lat' dir='ltr'><em>iic</em></span> <span class='ocrx_word' id='word_1_51' title='bbox 1120 1323 1382 1407; x_wconf 77' lang='lat' dir='ltr'><em>expergiscatur,</em></span> 
     </span>
     <span class='ocr_line' id='line_1_9' title="bbox 449 1423 1377 1517; baseline 0.011 -29"><span class='ocrx_word' id='word_1_52' title='bbox 449 1423 496 1489; x_wconf 82' lang='lat' dir='ltr'><em>ad</em></span> <span class='ocrx_word' id='word_1_53' title='bbox 521 1425 638 1507; x_wconf 86' lang='lat' dir='ltr'><em>inferos</em></span> <span class='ocrx_word' id='word_1_54' title='bbox 666 1427 914 1504; x_wconf 82' lang='lat' dir='ltr'><em>descendentem,</em></span> <span class='ocrx_word' id='word_1_55' title='bbox 946 1443 1084 1493; x_wconf 82' lang='lat' dir='ltr'><em>extremo</em></span> <span class='ocrx_word' id='word_1_56' title='bbox 1117 1449 1222 1515; x_wconf 87' lang='lat' dir='ltr'><em>sopore</em></span> <span class='ocrx_word' id='word_1_57' title='bbox 1250 1452 1377 1517; x_wconf 84' lang='lat' dir='ltr'><em>occupa·</em></span> 
     </span>
     <span class='ocr_line' id='line_1_10' title="bbox 449 1534 1376 1624; baseline 0.005 -16"><span class='ocrx_word' id='word_1_58' title='bbox 449 1541 517 1608; x_wconf 89' lang='lat' dir='ltr'><em>t‘um</em></span> <span class='ocrx_word' id='word_1_59' title='bbox 543 1545 590 1607; x_wconf 87' lang='lat' dir='ltr'><em>iri</em></span> <span class='ocrx_word' id='word_1_60' title='bbox 608 1541 653 1605; x_wconf 67' lang='lat'><strong>⁶¹).</strong></span> <span class='ocrx_word' id='word_1_61' title='bbox 707 1540 769 1603; x_wconf 90' lang='lat' dir='ltr'><em>Sed</em></span> <span class='ocrx_word' id='word_1_62' title='bbox 797 1540 834 1603; x_wconf 88' lang='lat' dir='ltr'><em>ad</em></span> <span class='ocrx_word' id='word_1_63' title='bbox 867 1538 1038 1624; x_wconf 81' lang='lat' dir='ltr'><em>Sophistam</em></span> <span class='ocrx_word' id='word_1_64' title='bbox 1069 1534 1241 1612; x_wconf 77' lang='lat' dir='ltr'><em>redeamus.</em></span> <span class='ocrx_word' id='word_1_65' title='bbox 1295 1549 1376 1614; x_wconf 87' lang='lat' dir='ltr'><em>Sunt</em></span> 
     </span>
     <span class='ocr_line' id='line_1_11' title="bbox 450 1648 1381 1738; baseline 0.009 -18"><span class='ocrx_word' id='word_1_66' title='bbox 450 1657 543 1721; x_wconf 87' lang='lat' dir='ltr'><em>nobis</em></span> <span class='ocrx_word' id='word_1_67' title='bbox 571 1656 642 1720; x_wconf 91' lang='lat' dir='ltr'><em>inde</em></span> <span class='ocrx_word' id='word_1_68' title='bbox 663 1655 723 1718; x_wconf 78' lang='lat' dir='ltr'><em>alia</em></span> <span class='ocrx_word' id='word_1_69' title='bbox 744 1654 819 1719; x_wconf 86' lang='lat' dir='ltr'><em>item</em></span> <span class='ocrx_word' id='word_1_70' title='bbox 846 1654 1004 1734; x_wconf 90' lang='lat' dir='ltr'><em>ducenda,</em></span> <span class='ocrx_word' id='word_1_71' title='bbox 1040 1675 1119 1738; x_wconf 86' lang='lat' dir='ltr'><em>quae</em></span> <span class='ocrx_word' id='word_1_72' title='bbox 1149 1659 1288 1724; x_wconf 88' lang='lat' dir='ltr'><em>Platonis</em></span> <span class='ocrx_word' id='word_1_73' title='bbox 1317 1648 1381 1728; x_wconf 57' lang='lat' dir='ltr'><em>hac&#39;</em></span> 
     </span>
     <span class='ocr_line' id='line_1_12' title="bbox 446 1771 1126 1855; baseline 0.001 -19"><span class='ocrx_word' id='word_1_74' title='bbox 446 1772 592 1837; x_wconf 84' lang='lat' dir='ltr'><em>cernendi</em></span> <span class='ocrx_word' id='word_1_75' title='bbox 616 1771 832 1855; x_wconf 87' lang='lat' dir='ltr'><em>jungendique</em></span> <span class='ocrx_word' id='word_1_76' title='bbox 855 1785 920 1838; x_wconf 88' lang='lat' dir='ltr'><em>arte</em></span> <span class='ocrx_word' id='word_1_77' title='bbox 937 1772 1126 1844; x_wconf 83' lang='lat' dir='ltr'><em>efficiuntur.</em></span> 
     </span>
    </p>
   </div>
   <div class='ocr_carea' id='block_1_3' title="bbox 451 1975 1360 2062">
    <p class='ocr_par' dir='ltr' id='par_1_3' title="bbox 451 1975 1360 2062">
     <span class='ocr_line' id='line_1_13' title="bbox 451 1975 1360 2062; baseline 0.002 -24"><span class='ocrx_word' id='word_1_78' title='bbox 451 2024 456 2038; x_wconf 89' lang='lat'><em>.</em></span> <span class='ocrx_word' id='word_1_79' title='bbox 496 2032 498 2037; x_wconf 26' lang='lat'><strong>⁴</strong></span> <span class='ocrx_word' id='word_1_80' title='bbox 535 2032 538 2038; x_wconf 91' lang='lat'>.</span> <span class='ocrx_word' id='word_1_81' title='bbox 570 1978 631 2042; x_wconf 91' lang='lat' dir='ltr'><em>De</em></span> <span class='ocrx_word' id='word_1_82' title='bbox 662 1979 829 2042; x_wconf 87' lang='lat' dir='ltr'><em>artium</em></span> <span class='ocrx_word' id='word_1_83' title='bbox 860 1979 1253 2062; x_wconf 80' lang='lat' dir='ltr'><em>doctrinarumque</em></span> <span class='ocrx_word' id='word_1_84' title='bbox 1357 1975 1360 1982; x_wconf 80' lang='grc'><strong>’</strong></span> 
     </span>
    </p>
   </div>
   <div class='ocr_carea' id='block_1_4' title="bbox 434 2088 1379 2188">
    <p class='ocr_par' dir='ltr' id='par_1_4' title="bbox 434 2088 1379 2188">
     <span class='ocr_line' id='line_1_14' title="bbox 434 2088 1379 2188; baseline -0.003 -27"><span class='ocrx_word' id='word_1_85' title='bbox 434 2094 747 2188; x_wconf 10' lang='lat' dir='ltr'><em>*penanalysin</em></span> <span class='ocrx_word' id='word_1_86' title='bbox 766 2088 1034 2161; x_wconf 71' lang='lat' dir='ltr'><em>Platonicam</em></span> <span class='ocrx_word' id='word_1_87' title='bbox 1065 2093 1379 2160; x_wconf 69' lang='lat' dir='ltr'><em>distributione·</em></span> 
     </span>
    </p>
   </div>
   <div class='ocr_carea' id='block_1_5' title="bbox 382 2300 1375 3805">
    <p class='ocr_par' dir='ltr' id='par_1_5' title="bbox 382 2300 1375 3578">
     <span class='ocr_line' id='line_1_15' title="bbox 447 2300 1373 2395; baseline -0.009 -24"><span class='ocrx_word' id='word_1_88' title='bbox 447 2364 451 2371; x_wconf 95' lang='grc'><em>.</em></span> <span class='ocrx_word' id='word_1_89' title='bbox 487 2302 623 2386; x_wconf 85' lang='lat' dir='ltr'><em>Sponte</em></span> <span class='ocrx_word' id='word_1_90' title='bbox 630 2315 829 2385; x_wconf 79' lang='lat' dir='ltr'><em>pertaesum</em></span> <span class='ocrx_word' id='word_1_91' title='bbox 850 2320 868 2395; x_wconf 81' lang='lat' dir='ltr'><em>e</em></span> <span class='ocrx_word' id='word_1_92' title='bbox 891 2301 1026 2380; x_wconf 83' lang='lat' dir='ltr'><em>studiis,</em></span> <span class='ocrx_word' id='word_1_93' title='bbox 1045 2300 1148 2383; x_wconf 85' lang='lat' dir='ltr'><em>generi</em></span> <span class='ocrx_word' id='word_1_94' title='bbox 1168 2301 1304 2365; x_wconf 88' lang='lat' dir='ltr'><em>humano</em></span> <span class='ocrx_word' id='word_1_95' title='bbox 1325 2300 1373 2364; x_wconf 88' lang='lat' dir='ltr'><em>in·.</em></span> 
     </span>
     <span class='ocr_line' id='line_1_16' title="bbox 382 2416 1371 2502; baseline -0.008 -11"><span class='ocrx_word' id='word_1_96' title='bbox 382 2434 384 2443; x_wconf 77' lang='grc'>’</span> <span class='ocrx_word' id='word_1_97' title='bbox 443 2418 536 2502; x_wconf 84' lang='lat' dir='ltr'><em>sitis,</em></span> <span class='ocrx_word' id='word_1_98' title='bbox 579 2432 660 2485; x_wconf 90' lang='lat' dir='ltr'><em>artes</em></span> <span class='ocrx_word' id='word_1_99' title='bbox 691 2435 801 2482; x_wconf 89' lang='lat' dir='ltr'><em>omnes</em></span> <span class='ocrx_word' id='word_1_100' title='bbox 827 2429 859 2482; x_wconf 87' lang='lat' dir='ltr'><em>et</em></span> <span class='ocrx_word' id='word_1_101' title='bbox 887 2416 1068 2481; x_wconf 84' lang='lat' dir='ltr'><em>doctrinae:</em></span> <span class='ocrx_word' id='word_1_102' title='bbox 1108 2417 1182 2497; x_wconf 88' lang='lat' dir='ltr'><em>sed,</em></span> <span class='ocrx_word' id='word_1_103' title='bbox 1215 2430 1251 2481; x_wconf 92' lang='lat' dir='ltr'><em>ut</em></span> <span class='ocrx_word' id='word_1_104' title='bbox 1283 2431 1371 2483; x_wconf 88' lang='lat' dir='ltr'><em>natae</em></span> 
     </span>
     <span class='ocr_line' id='line_1_17' title="bbox 444 2514 1375 2625; baseline -0.005 -20"><span class='ocrx_word' id='word_1_105' title='bbox 444 2536 519 2605; x_wconf 85' lang='lat' dir='ltr'><em>inde</em></span> <span class='ocrx_word' id='word_1_106' title='bbox 547 2539 641 2619; x_wconf 91' lang='lat' dir='ltr'><em>inque</em></span> <span class='ocrx_word' id='word_1_107' title='bbox 674 2535 775 2599; x_wconf 89' lang='lat' dir='ltr'><em>lucem</em></span> <span class='ocrx_word' id='word_1_108' title='bbox 807 2533 931 2615; x_wconf 86' lang='lat' dir='ltr'><em>editae,</em></span> <span class='ocrx_word' id='word_1_109' title='bbox 973 2533 1237 2625; x_wconf 71' lang='lat' dir='ltr'><em>distinguerentur</em></span> <span class='ocrx_word' id='word_1_110' title='bbox 1264 2514 1375 2616; x_wconf 76' lang='lat' dir='ltr'><em>recte,</em></span> 
     </span>
     <span class='ocr_line' id='line_1_18' title="bbox 442 2651 1371 2738; baseline -0.008 -14"><span class='ocrx_word' id='word_1_111' title='bbox 442 2674 599 2738; x_wconf 88' lang='lat' dir='ltr'><em>suumque</em></span> <span class='ocrx_word' id='word_1_112' title='bbox 628 2652 761 2736; x_wconf 83' lang='lat' dir='ltr'><em>singulis</em></span> <span class='ocrx_word' id='word_1_113' title='bbox 788 2651 977 2734; x_wconf 83' lang='lat' dir='ltr'><em>tribueretur</em></span> <span class='ocrx_word' id='word_1_114' title='bbox 1003 2665 1035 2716; x_wconf 91' lang='lat' dir='ltr'><em>et</em></span> <span class='ocrx_word' id='word_1_115' title='bbox 1061 2651 1267 2735; x_wconf 80' lang='lat' dir='ltr'><em>assignaretur</em></span> <span class='ocrx_word' id='word_1_116' title='bbox 1298 2672 1371 2735; x_wconf 89' lang='lat' dir='ltr'><em>pro·</em></span> 
     </span>
     <span class='ocr_line' id='line_1_19' title="bbox 441 2768 1369 2859; baseline -0.006 -20"><span class='ocrx_word' id='word_1_117' title='bbox 441 2773 604 2859; x_wconf 82' lang='lat' dir='ltr'><em>positum,</em></span> <span class='ocrx_word' id='word_1_118' title='bbox 626 2770 786 2834; x_wconf 75' lang='lat' dir='ltr'><em>dialectica</em></span> <span class='ocrx_word' id='word_1_119' title='bbox 811 2789 892 2851; x_wconf 90' lang='lat' dir='ltr'><em>opus</em></span> <span class='ocrx_word' id='word_1_120' title='bbox 908 2854 911 2859; x_wconf 66' lang='lat'><em>,</em></span> <span class='ocrx_word' id='word_1_121' title='bbox 926 2769 1000 2833; x_wconf 86' lang='lat' dir='ltr'><em>fuit.</em></span> <span class='ocrx_word' id='word_1_122' title='bbox 1044 2769 1151 2851; x_wconf 86' lang='lat' dir='ltr'>Vulgo</span> <span class='ocrx_word' id='word_1_123' title='bbox 1177 2769 1208 2832; x_wconf 93' lang='lat' dir='ltr'><em>id</em></span> <span class='ocrx_word' id='word_1_124' title='bbox 1225 2768 1369 2833; x_wconf 84' lang='lat' dir='ltr'><em>effecisse</em></span> 
     </span>
     <span class='ocr_line' id='line_1_20' title="bbox 440 2883 1369 2981; baseline -0.008 -25"><span class='ocrx_word' id='word_1_125' title='bbox 440 2890 631 2971; x_wconf 75' lang='lat' dir='ltr'><em>Aristotelea</em></span> <span class='ocrx_word' id='word_1_126' title='bbox 657 2899 806 2981; x_wconf 75' lang='lat' dir='ltr'><em>putatur:</em></span> <span class='ocrx_word' id='word_1_127' title='bbox 832 2902 889 2949; x_wconf 91' lang='lat' dir='ltr'><em>nec</em></span> <span class='ocrx_word' id='word_1_128' title='bbox 912 2883 1055 2946; x_wconf 88' lang='lat' dir='ltr'><em>dubitare</em></span> <span class='ocrx_word' id='word_1_129' title='bbox 1076 2901 1150 2947; x_wconf 91' lang='lat' dir='ltr'><em>sane</em></span> <span class='ocrx_word' id='word_1_130' title='bbox 1172 2883 1267 2963; x_wconf 90' lang='lat' dir='ltr'><em>licet,</em></span> <span class='ocrx_word' id='word_1_131' title='bbox 1291 2885 1369 2965; x_wconf 89' lang='lat' dir='ltr'><em>quin</em></span> 
     </span>
     <span class='ocr_line' id='line_1_21' title="bbox 439 3000 1367 3097; baseline -0.011 -19"><span class='ocrx_word' id='word_1_132' title='bbox 439 3023 517 3095; x_wconf 80' lang='lat' dir='ltr'><em>pust</em></span> <span class='ocrx_word' id='word_1_133' title='bbox 543 3008 704 3074; x_wconf 84' lang='lat' dir='ltr'><em>Platonem</em></span> <span class='ocrx_word' id='word_1_134' title='bbox 724 3003 877 3097; x_wconf 78' lang='lat' dir='ltr'><em>maxime,</em></span> <span class='ocrx_word' id='word_1_135' title='bbox 906 3000 1112 3084; x_wconf 86' lang='lat' dir='ltr'><em>inprimisque</em></span> <span class='ocrx_word' id='word_1_136' title='bbox 1137 3020 1193 3084; x_wconf 89' lang='lat' dir='ltr'><em>per</em></span> <span class='ocrx_word' id='word_1_137' title='bbox 1218 3002 1311 3072; x_wconf 20' lang='lat' dir='ltr'><em>hunc,</em></span> <span class='ocrx_word' id='word_1_138' title='bbox 1331 3018 1367 3067; x_wconf 91' lang='lat' dir='ltr'><em>ut</em></span> 
     </span>
     <span class='ocr_line' id='line_1_22' title="bbox 439 3117 1368 3214; baseline -0.011 -18"><span class='ocrx_word' id='word_1_139' title='bbox 439 3129 555 3196; x_wconf 88' lang='lat' dir='ltr'><em>dicitur</em></span> <span class='ocrx_word' id='word_1_140' title='bbox 592 3126 821 3214; x_wconf 86' lang='lat' dir='ltr'><em>dialecticorum</em></span> <span class='ocrx_word' id='word_1_141' title='bbox 849 3119 1038 3204; x_wconf 62' lang='lat' dir='ltr'><em>‘principem</em></span> <span class='ocrx_word' id='word_1_142' title='bbox 1078 3117 1251 3204; x_wconf 83' lang='lat' dir='ltr'><em>perfectum</em></span> <span class='ocrx_word' id='word_1_143' title='bbox 1290 3121 1368 3186; x_wconf 88' lang='lat' dir='ltr'><em>illud</em></span> 
     </span>
     <span class='ocr_line' id='line_1_23' title="bbox 439 3236 1368 3320; baseline -0.008 -9"><span class='ocrx_word' id='word_1_144' title='bbox 439 3246 483 3312; x_wconf 81' lang='lat' dir='ltr'><em>eit</em></span> <span class='ocrx_word' id='word_1_145' title='bbox 503 3241 548 3308; x_wconf 72' lang='lat'><strong>(¹).</strong></span> <span class='ocrx_word' id='word_1_146' title='bbox 593 3242 655 3304; x_wconf 90' lang='lat' dir='ltr'><em>Sed</em></span> <span class='ocrx_word' id='word_1_147' title='bbox 673 3242 789 3318; x_wconf 85' lang='lat' dir='ltr'><em>hospes</em></span> <span class='ocrx_word' id='word_1_148' title='bbox 809 3238 851 3301; x_wconf 89' lang='lat' dir='ltr'><em>sit</em></span> <span class='ocrx_word' id='word_1_149' title='bbox 870 3256 998 3302; x_wconf 88' lang='lat' dir='ltr'><em>necesse</em></span> <span class='ocrx_word' id='word_1_150' title='bbox 1028 3252 1077 3304; x_wconf 85' lang='lat' dir='ltr'><em>est</em></span> <span class='ocrx_word' id='word_1_151' title='bbox 1099 3236 1130 3302; x_wconf 89' lang='lat' dir='ltr'><em>in</em></span> <span class='ocrx_word' id='word_1_152' title='bbox 1152 3237 1280 3320; x_wconf 86' lang='lat' dir='ltr'><em>scriptis</em></span> <span class='ocrx_word' id='word_1_153' title='bbox 1299 3239 1368 3319; x_wconf 66' lang='lat' dir='ltr'><em>Pla7</em></span> 
     </span>
     <span class='ocr_line' id='line_1_24' title="bbox 438 3353 1366 3443; baseline -0.011 -16"><span class='ocrx_word' id='word_1_154' title='bbox 438 3359 546 3441; x_wconf 78' lang='lat' dir='ltr'><em>tonis,</em></span> <span class='ocrx_word' id='word_1_155' title='bbox 566 3373 624 3421; x_wconf 86' lang='lat' dir='ltr'><em>nec</em></span> <span class='ocrx_word' id='word_1_156' title='bbox 653 3353 762 3439; x_wconf 83' lang='lat' dir='ltr'><em>legerit</em></span> <span class='ocrx_word' id='word_1_157' title='bbox 774 3355 870 3443; x_wconf 69' lang='lat' dir='ltr'><em>¹‘illam</em></span> <span class='ocrx_word' id='word_1_158' title='bbox 899 3355 931 3420; x_wconf 94' lang='lat' dir='ltr'><em>in</em></span> <span class='ocrx_word' id='word_1_159' title='bbox 960 3355 1102 3440; x_wconf 80' lang='lat' dir='ltr'><em>Sophiste</em></span> <span class='ocrx_word' id='word_1_160' title='bbox 1125 3354 1251 3420; x_wconf 86' lang='lat' dir='ltr'><em>Eleatae</em></span> <span class='ocrx_word' id='word_1_161' title='bbox 1279 3355 1366 3419; x_wconf 86' lang='lat' dir='ltr'><em>Hos·</em></span> 
     </span>
     <span class='ocr_line' id='line_1_25' title="bbox 440 3448 1362 3578; baseline -0.013 -33"><span class='ocrx_word' id='word_1_162' title='bbox 440 3476 517 3562; x_wconf 83' lang='lat' dir='ltr'><em>pitis</em></span> <span class='ocrx_word' id='word_1_163' title='bbox 541 3472 809 3560; x_wconf 86' lang='lat' dir='ltr'><em>disputationem,</em></span> <span class='ocrx_word' id='word_1_164' title='bbox 832 3471 887 3554; x_wconf 90' lang='lat' dir='ltr'><em>qui</em></span> <span class='ocrx_word' id='word_1_165' title='bbox 908 3472 1068 3578; x_wconf 78' lang='lat' dir='ltr'><em>Platonem</em></span> <span class='ocrx_word' id='word_1_166' title='bbox 1097 3486 1162 3537; x_wconf 90' lang='lat' dir='ltr'><em>non</em></span> <span class='ocrx_word' id='word_1_167' title='bbox 1184 3470 1269 3534; x_wconf 90' lang='lat' dir='ltr'><em>videt</em></span> <span class='ocrx_word' id='word_1_168' title='bbox 1282 3448 1362 3534; x_wconf 84' lang='lat' dir='ltr'><em>idem</em></span> 
     </span>
    </p>

    <p class='ocr_par' dir='ltr' id='par_1_6' title="bbox 431 3583 1363 3805">
     <span class='ocr_line' id='line_1_26' title="bbox 1286 3583 1363 3650; baseline 0.039 -3"><span class='ocrx_word' id='word_1_169' title='bbox 1286 3583 1363 3650; x_wconf 83' lang='lat' dir='ltr'><em>illud</em></span> 
     </span>
     <span class='ocr_line' id='line_1_27' title="bbox 431 3720 1363 3805; baseline -0.015 -16"><span class='ocrx_word' id='word_1_170' title='bbox 431 3731 577 3805; x_wconf 45' lang='lat' dir='ltr'><em>·-t(1)2Da</em></span> <span class='ocrx_word' id='word_1_171' title='bbox 592 3733 659 3802; x_wconf 83' lang='lat' dir='ltr'><em>liep.</em></span> <span class='ocrx_word' id='word_1_172' title='bbox 678 3730 749 3801; x_wconf 70' lang='lat' dir='ltr'><em>vn,</em></span> <span class='ocrx_word' id='word_1_173' title='bbox 762 3750 794 3799; x_wconf 86' lang='lat' dir='ltr'><em>p..</em></span> <span class='ocrx_word' id='word_1_174' title='bbox 807 3727 840 3782; x_wconf 81' lang='lat' dir='ltr'><em>B.</em></span> <span class='ocrx_word' id='word_1_175' title='bbox 858 3728 891 3781; x_wconf 87' lang='lat' dir='ltr'><em>C.</em></span> <span class='ocrx_word' id='word_1_176' title='bbox 909 3729 947 3779; x_wconf 88' lang='lat' dir='ltr'><em>D.</em></span> <span class='ocrx_word' id='word_1_177' title='bbox 957 3720 1209 3795; x_wconf 57' lang='lat' dir='ltr'><em>‚Animadvertenda</em></span> <span class='ocrx_word' id='word_1_178' title='bbox 1231 3722 1363 3778; x_wconf 69' lang='lat' dir='ltr'><em>rutenia</em></span> 
     </span>
    </p>
   </div>
   <div class='ocr_carea' id='block_1_6' title="bbox 378 3832 1360 4022">
    <p class='ocr_par' dir='ltr' id='par_1_7' title="bbox 378 3832 1360 4022">
     <span class='ocr_line' id='line_1_28' title="bbox 378 3832 1180 3916; baseline -0.026 -13"><span class='ocrx_word' id='word_1_179' title='bbox 378 3903 382 3911; x_wconf 72' lang='grc'><strong>,</strong></span> <span class='ocrx_word' id='word_1_180' title='bbox 433 3832 1180 3916; x_wconf 45' lang='grc' dir='ltr'><em>Μψηωηῶῌῷῃὼὼωὼήψὼὼ.</em></span> 
     </span>
     <span class='ocr_line' id='line_1_29' title="bbox 472 3931 1360 4022; baseline -0.028 -19"><span class='ocrx_word' id='word_1_181' title='bbox 472 3933 514 4017; x_wconf 66' lang='lat' dir='ltr'><em>(a)</em></span> <span class='ocrx_word' id='word_1_182' title='bbox 533 3944 571 4000; x_wconf 84' lang='lat' dir='ltr'><em>V.</em></span> <span class='ocrx_word' id='word_1_183' title='bbox 588 3965 614 3999; x_wconf 75' lang='lat' dir='ltr'><em>v·</em></span> <span class='ocrx_word' id='word_1_184' title='bbox 632 3963 656 3996; x_wconf 82' lang='lat' dir='ltr'><em>c·</em></span> <span class='ocrx_word' id='word_1_185' title='bbox 686 3943 802 3998; x_wconf 78' lang='lat' dir='ltr'><em>Arialot.</em></span> <span class='ocrx_word' id='word_1_186' title='bbox 829 3935 924 4015; x_wconf 51' lang='lat' dir='ltr'><em>Elide,</em></span> <span class='ocrx_word' id='word_1_187' title='bbox 938 3935 962 3988; x_wconf 90' lang='lat'><em>1.</em></span> <span class='ocrx_word' id='word_1_188' title='bbox 981 3950 1005 3985; x_wconf 88' lang='grc' dir='ltr'><em>ι.</em></span> <span class='ocrx_word' id='word_1_189' title='bbox 1025 3931 1077 3985; x_wconf 87' lang='lat' dir='ltr'><em>VI.</em></span> <span class='ocrx_word' id='word_1_190' title='bbox 1095 3933 1120 3986; x_wconf 89' lang='grc'><em>4.</em></span> <span class='ocrx_word' id='word_1_191' title='bbox 1149 3931 1228 3984; x_wconf 77' lang='lat' dir='ltr'><em>lihet.</em></span> <span class='ocrx_word' id='word_1_192' title='bbox 1248 3931 1272 3982; x_wconf 94' lang='lat'><em>1.</em></span> <span class='ocrx_word' id='word_1_193' title='bbox 1291 3947 1317 4022; x_wconf 70' lang='lat'><em>⁰⁸,</em></span> <span class='ocrx_word' id='word_1_194' title='bbox 1335 3945 1360 3979; x_wconf 88' lang='grc' dir='ltr'><em>ι.</em></span> 
     </span>
    </p>
   </div>
   <div class='ocr_carea' id='block_1_7' title="bbox 439 4050 703 4124">
    <p class='ocr_par' dir='ltr' id='par_1_8' title="bbox 439 4050 703 4124">
     <span class='ocr_line' id='line_1_30' title="bbox 439 4050 703 4124; baseline -0.008 -20"><span class='ocrx_word' id='word_1_195' title='bbox 439 4058 466 4124; x_wconf 82' lang='lat'><em>§.</em></span> <span class='ocrx_word' id='word_1_196' title='bbox 485 4071 526 4106; x_wconf 70' lang='grc' dir='ltr'><em>ιι.</em></span> <span class='ocrx_word' id='word_1_197' title='bbox 544 4069 568 4103; x_wconf 86' lang='lat' dir='ltr'><em>e·</em></span> <span class='ocrx_word' id='word_1_198' title='bbox 587 4069 612 4103; x_wconf 84' lang='lat'><em>2·</em></span> <span class='ocrx_word' id='word_1_199' title='bbox 632 4050 658 4117; x_wconf 72' lang='lat'><em>§0</em></span> <span class='ocrx_word' id='word_1_200' title='bbox 677 4060 703 4096; x_wconf 87' lang='lat'><em>¹·</em></span> 
     </span>
    </p>
   </div>
   <div class='ocr_carea' id='block_1_8' title="bbox 0 0 1500 5220">
    <p class='ocr_par' dir='ltr' id='par_1_9' title="bbox 0 0 1500 5220">
     <span class='ocr_line' id='line_1_31' title="bbox 0 0 1500 5220; baseline 0 3"><span class='ocrx_word' id='word_1_201' title='bbox 0 0 1500 5220; x_wconf 95' lang='lat' dir='ltr'><em> </em></span> 
     </span>
    </p>
   </div>
  </div>
 </body>
</html>
