2992 5220
795 471 970 517 ...12-

421 659 481 725 hoc
502 672 534 726 et
555 659 669 726 misero
690 674 774 728 statu
793 678 1054 746 commutarunt,
1077 679 1136 748 ut,
1161 671 1347 753 qusehodie
1443 661 1447 674 ’

418 776 559 843 conditio
585 791 693 844 nostra
727 793 796 861 est,
828 799 888 864 pro
916 782 1050 848 veritate
1076 781 1170 851 falsas
1196 787 1347 872 imagines

417 884 677 976 amplecterentur
694 912 925 979 coecorumque
945 896 1043 964 instar
1063 898 1256 970 oberrarent.
1280 905 1346 972 Ve-

418 1027 510 1090 rum,
542 1009 685 1092 quamvis
718 1012 853 1078 exclusis
878 1013 1020 1080 Deorum
1044 1015 1168 1100 choro,
1202 1035 1348 1105 superest

417 1139 520 1194 temen
551 1127 643 1192 nobis
663 1145 801 1208 eorum,
823 1147 902 1209 quae
922 1143 989 1194 turn
1011 1131 1235 1217 adspeximus,
1256 1136 1349 1204 remi·

416 1243 568 1311 miscentis
589 1243 763 1324 quaedam,
794 1241 875 1307 levis
897 1241 946 1306 illa
967 1242 1093 1325 quidem
1115 1260 1148 1311 et
1176 1250 1349 1330 perobscu-

418 1379 476 1440 ra,
497 1359 553 1424 sed
583 1357 809 1422 reminiscentia
838 1371 961 1423 tamen:
986 1378 1048 1443 qua
1075 1359 1135 1459 iit,
1157 1376 1195 1427 ut
1214 1361 1348 1434 facultas

417 1474 537 1543 homini
566 1474 608 1542 sit
630 1491 702 1539 cum
724 1474 791 1540 veri
818 1474 1015 1555 inveniendi,
1037 1472 1103 1542 tu'm
1134 1478 1350 1562 percipiendae

418 1593 548 1672 denuo,
570 1611 663 1674 quam
692 1605 758 1656 tum
785 1591 949 1675 percepit,
972 1590 1151 1660 felicitatis:
1175 1597 1269 1663 modo
1299 1598 1349 1665 in·

417 1709 570 1776 stittutur
588 1707 669 1786 rite,
692 1708 780 1790 quod
808 1708 1028 1791 philosophiae
1047 1728 1239 1794 munusest.
1284 1715 1347 1783 Sed

418 1827 539 1909 hymno
561 1824 719 1891 recitando
740 1826 885 1892 Socrates
906 1846 1041 1892 amorem
1061 1826 1350 1919 celebrauerarjm.

420 1940 545 2028 primis.
587 1941 626 2008 In
655 1942 711 2006 hac
730 1942 882 2035 pristinae
907 1943 990 2010 vitae
1015 1946 1349 2034 recordatione‚·pul·

418 2078 509 2129 crum
542 2059 695 2141 maxime,
727 2059 875 2147 dicebat,
894 2094 897 2100 ·
917 2074 1052 2128 mentem
1083 2062 1195 2149 subit,
1228 2064 1350 2150 quippe

422 2178 512 2261 quod
547 2175 686 2265 fulgebat
728 2175 791 2243 illic
820 2176 1095 2261 splendidissime:
1134 2179 1208 2265 hinc
1239 2200 1346 2261 amor:

421 2293 498 2362 hinc
526 2292 617 2360 furor
645 2292 783 2375 amoris,
814 2293 869 2387 cpi
894 2294 1012 2377 optima
1043 2295 1192 2385 debemus
1215 2315 1349 2381 eorum,

424 2430 504 2496 quae
522 2428 667 2507 praesens
689 2411 832 2476 continet
857 2409 926 2476 vita
955 2425 1074 2476 nostra.
1120 2412 1251 2481 Caetera
1271 2414 1350 2499 quid

421 2529 618 2615 persequar?
638 2527 721 2595 Nam
743 2544 858 2611 sponte
888 2527 1050 2621 meminit²
1072 2529 1131 2616 qui
1146 2530 1224 2617 haec
1253 2534 1350 2617 semel

422 2646 585 2733 percepit,
607 2658 641 2709 et
662 2662 722 2709 nos
745 2662 780 2707 ea
808 2644 842 2706 in
862 2643 1079 2724 superioribus
1107 2665 1178 2735 curn
1194 2646 1354 2717 ¹illustrare

421 2761 630 2849 singulatim,
665 2773 733 2824 tum
772 2758 811 2823 ad
839 2757 939 2843 ipsam
965 2759 1178 2849 illustrandam
1210 2762 1354 2845 philoso-

423 2854 545 2969 phium
566 2876 670 2964 pmcn
699 2873 846 2966 adures
886 2875 1077 2944 studuimus.
1106 2875 1152 2963 φ.
1171 2878 1255 2945 tuus
1289 2879 1356 2951 soe.

423 3001 497 3068 loco
530 2993 762 3062 memorandum
788 2992 879 3057 unice
894 3007 962 3075 est,
984 2997 1053 3062 seri
1072 3013 1138 3060 non
1159 2992 1263 3081 minus
1282 2994 1353 3062 Pla·

425 3129 558 3203 tonem,
593 3129 687 3193 quam
716 3097 818 3194 pulcri
840 3109 1084 3193 philosophiam
1124 3110 1254 3193 sublimi
1274 3113 1352 3179 -hoc

423 3234 507 3319 μύθῳ
527 3226 735 3316 expressisse.
776 3227 861 3294 Nam
880 3246 937 3312 per
964 3245 1099 3296 amorem
1118 3228 1353 3314 philosophiam

424 3347 505 3416 dixit
529 3348 569 3412 ad
596 3346 744 3433 pulcrum
770 3337 834 3415 nos
858 3343 1037 3429 continuo,
1066 3360 1271 3414 veruntamen
1313 3349 1353 3417 ad

424 3480 612 3537 caeterarum
640 3461 735 3547 simul
757 3461 894 3529 idearum
924 3461 1092 3554 ipsiusque
1108 3463 1248 3532 veritatis
1264 3483 1356 3551 spoef

422 3550 564 3676 taculum
588 3581 747 3648 reducere.
769 3580 801 3624 ‘¹'
821 3618 865 3632 -
886 3580 968 3647 Sunt
989 3580 1064 3647 hooc
1093 3580 1279 3666 pulcerrima
1305 3598 1356 3663 sa·
1381 3638 1385 3645 .

427 3722 491 3784 ne,
523 3713 555 3768 et
580 3697 675 3768 hebes
696 3698 738 3766 sit
765 3716 893 3764 necesse
920 3711 992 3775 est,
1015 3695 1072 3782 qui
1094 3713 1203 3763 eorum
1220 3695 1285 3761 vim
1315 3683 1354 3762 td

1286 3826 1354 3892 ger·

463 3956 505 4029 (¹)
527 3954 589 4032 vol.
612 3952 636 4006 1·
653 3969 682 4018 Ρ·
701 3951 735 4019 87
753 3967 815 4018 sqq.
852 3949 893 4017 (s)
913 3945 1029 4000 Phaedri
1047 3947 1107 4015 ²⁴7·
1126 3944 1164 4000 n.
