2992 5220
280 659 376 747 Quod
409 660 579 742 placitum,
623 638 697 742 post
726 661 880 728 Batonem
911 663 1083 745 neglectum
1115 661 1203 741 fere,

278 777 445 843 metaurum
477 777 639 863 superiore
669 780 794 843 saeculo
820 778 1043 863 philosophia,
1075 775 1205 843 mirifice

276 894 394 978 placuit
415 893 639 976 philosophis,
661 895 840 977 praesertim
868 893 1100 961 Giliofrancist
1124 912 1206 978 quo·

184 1008 187 1012 ’
274 1027 344 1074 rum
369 1007 551 1092 principes,
572 1009 752 1075 auctoribus
776 1011 1001 1078 D'Alenrbcrto
1020 1026 1052 1077 et
1071 1008 1205 1080 Condri·

272 1125 380 1204 iacio,
412 1126 535 1206 expiere
563 1126 689 1210 Angiici
720 1127 904 1211 philosophi
940 1143 1050 1194 votum
1080 1146 1205 1195 summo

273 1240 383 1305 ardore
407 1241 606 1308 studuerunt.
661 1244 858 1330 Quamquam
886 1262 934 1308 res
958 1263 1021 1309 non
1053 1245 1096 1309 ita
1123 1245 1206 1310 ceci·

275 1354 348 1435 dit,
371 1371 407 1423 ut
422 1357 505 1423 Baco
524 1374 687 1443 optaverat
709 1373 738 1421 et
759 1359 820 1438 ipsi
840 1358 1079 1424 contenderunt.
1122 1355 1203 1423 Nam

272 1467 331 1538 nec
360 1474 436 1540 satis
463 1476 660 1555 exploratum
674 1469 744 1538 'suit
769 1472 927 1558 ingenium
950 1474 1144 1556 humanum,
1167 1489 1203 1540 ut

271 1601 384 1650 ornnes
411 1587 483 1652 inde
510 1599 592 1650 artes
620 1585 844 1669 doctrinaeque
874 1585 965 1654 facile
993 1589 1202 1669 ducerentur,

273 1702 449 1784 ductaeque
468 1702 539 1768 inde
557 1703 786 1788 explicarentur
815 1705 892 1771 rite:
927 1720 957 1770 et
976 1706 1161 1789 prodierunt
1186 1726 1205 1771 e

273 1833 366 1884 vasto
403 1821 572 1904 proposito
610 1823 893 1905 encyclopaediae‚
936 1822 1101 1890 utilissima
1131 1843 1205 1891 sane

274 1954 371 2020 opera
395 1950 427 2004 et
450 1937 599 2023 augendis
621 1938 912 2024 locupletandisque
936 1939 1089 2006 doctrinis
1109 1941 1207 2025 aptis·

273 2053 373 2136 mma,
417 2055 481 2120 imo
500 2057 680 2147 'necessaria
706 2057 821 2138 hodie,
863 2057 918 2121 sed
947 2056 1207 2141 encyciopaediae

273 2188 400 2254 amur,
432 2172 890 2255 i.e0vocabu1uria,quibus
919 2187 999 2238 artes
1025 2163 1062 2237 'ct
1090 2173 1206 2238 doctri·

254 2294 356 2370 nae,
395 2289 456 2356 nisi
478 2288 634 2358 literarum
666 2287 801 2366 ordine,
843 2287 931 2351 nullo
970 2285 1204 2354 continerentur

273 2405 415 2472 vinculo.
445 2406 493 2468 Ut
512 2414 650 2482 unquam
673 2400 706 2465 in
726 2401 826 2467 lucem
859 2404 919 2468 tale
939 2404 1136 2487 proditurum
1164 2406 1206 2473 sit

272 2538 379 2604 opus,
402 2518 494 2600 quale
512 2517 575 2582 sibi
594 2538 652 2601 spe
678 2517 712 2583 et¹
736 2521 970 2602 exspectatione
996 2520 1204 2590 informarunt

273 2632 563 2718 encyclopaedistae
590 2634 657 2717 iiii,
700 2650 748 2702 est
782 2640 869 2719 quod
905 2657 1076 2707 vereamur.
1142 2641 1205 2709 sed

275 2751 459 2835 quicunque
484 2752 536 2817 vel
563 2752 625 2817 hoc
652 2754 702 2817 vel
729 2753 831 2819 simile
863 2755 1024 2838 negotium
1051 2756 1090 2821 ad
1120 2776 1207 2823 surn-

274 2888 361 2936 munr
388 2868 598 2936 doctrinarum
627 2870 870 2935 emolumenturn
900 2871 968 2936 sive
996 2888 1079 2938 nunc
1111 2871 1207 2938 medi·

274 3001 402 3071 tantur,
424 2987 493 3054 sive
522 2985 677 3071 peracturi
702 2999 778 3052 sunt
800 2999 935 3068 postea,
956 2987 1017 3054 hos
1046 2988 1207 3072 oportebit

244 3081 307 3174 'et
336 3108 497 3174 Plutonem
524 3108 650 3191 legere,
693 3123 749 3170 nec
780 3122 859 3189 sane
884 3104 1046 3188 repudiare
1079 3106 1208 3174 Cicero·

274 3238 359 3289 nem.
403 3222 491 3286 Plato
512 3237 576 3284 rem
603 3234 724 3300 totam,
747 3235 782 3288 ut
803 3220 906 3286 omnis
933 3240 993 3288 nos
1019 3223 1128 3290 docuit
1153 3244 1207 3292 su·

276 3336 384 3423 perior
397 3335 592 3420 disputatio,
614 3337 653 3400 ab
674 3337 753 3420 ipsis
775 3339 939 3425 principiis
961 3341 1096 3424 reperiit.
1120 3339 1208 3404 Sem·

276 3471 335 3538 per
361 3452 523 3519 attendens
555 3453 690 3520 animum
722 3473 891 3540 nostrum,
925 3458 992 3521 sive
1020 3454 1060 3518 de
1085 3452 1207 3520 artibus

278 3570 503 3653 quaerebatur,
527 3591 608 3653 quae
635 3573 674 3640 nd
704 3575 925 3641 humanitatem
955 3566 1112 3649 pertinent
1123 3597 1142 3653 ,·
1167 3570 1208 3638 de

278 3684 411 3766 mimica,
433 3687 472 3753 de
493 3690 607 3772 poisi,
628 3691 668 3756 de
685 3691 828 3772 pictura,
850 3686 1035 3767 sculptura,
1056 3687 1206 3772 caeteris,

278 3800 388 3875 durnes
408 3821 447 3868 eu
471 3803 578 3891 pulcri
608 3822 733 3884 amore,
775 3818 921 3885 tanquam
948 3799 1040 3870 sonte
1068 3824 1209 3870 commu·

278 3920 334 4002 ni,
356 3937 387 3987 et
411 3921 604 3988 naturalibus
626 3919 762 3987 hominis
786 3920 899 4015 studiis
926 3919 1148 4000 terentibus,
1171 3939 1208 3986 ex

280 4036 418 4106 imitandi
436 4034 590 4132 'studi0,¹
607 4053 646 4131 etr
668 4036 821 4147 ‘rhythmi‘
845 4037 1093 4137 harmoniaeque¹
1114 4056 1210 4105 rursu

357 4160 360 4166 '
434 4154 438 4159 ’
476 4150 483 4161 ’
617 4140 652 4151 ”
754 4142 757 4146 ⁴
1158 4156 1212 4221 de·
