2992 5220
802 432 978 513 ..4⁶-

424 625 598 685 strumenta
617 608 802 676 indicantur.
846 608 923 693 Quo
942 625 1017 675 sane
1032 625 1214 695 argrrmento
1233 617 1356 680 etmul-

416 741 459 805 το
486 725 583 811 magis
614 724 706 793 etiarn
731 725 924 792 conscientia
950 743 1011 791 nos
1038 724 1099 810 ipsi
1126 730 1237 794 nostrl
1257 729 1355 795 nobis

424 843 706 929 persuadebimus,
737 843 871 910 multum
897 842 1064 924 sensibus,
1099 844 1157 910 sed
1184 845 1354 930 plurimum

357 1040 368 1063 ι
423 961 488 1046 ipsi
515 960 611 1030 nenti
642 959 813 1042 lunatoque
842 957 945 1031 nobis,
974 959 1115 1026 discendi
1148 961 1277 1043 studio,
1316 955 1370 1030 ad'

424 1076 635 1164 cognoscendi
654 1075 831 1144 facultatem
852 1076 1052 1143 tribuendum
1073 1096 1156 1147 esse.
1201 1078 1264 1147 Sed
1282 1080 1358 1146 mis·

424 1195 470 1269 sis
501 1193 629 1263 novitiis
669 1192 740 1258 istis
769 1192 1001 1275 pbilosophis,
1034 1199 1114 1277 qul,
1145 1194 1253 1263 divina
1289 1215 1356 1264 non

423 1312 589 1400 perspecta
607 1308 743 1375 hominis
766 1307 889 1390 indole,
912 1321 1010 1375 totam
1040 1311 1118 1376 hanc
1147 1310 1188 1377 de
1207 1285 1354 1380 sensibus

341 1416 351 1463 .·
422 1424 675 1510 disquisitionem
692 1425 733 1491 ad
751 1424 1025 1507 materialismum‚
1047 1444 1142 1509 quem
1160 1442 1301 1510 vocant,
1322 1443 1356 1496 et

421 1531 606 1615 atheismum
631 1545 855 1623 contulerunt,
888 1545 1032 1630 antiquos
1063 1543 1115 1609 hlc
1129 1544 1237 1628 potlus
1256 1558 1360 1613 atten.

421 1662 556 1742 damus,
598 1659 655 1743 qui
694 1679 712 1724 a
746 1660 877 1725 Socrate
906 1674 938 1725 et
968 1661 1100 1727 Platone
1130 1659 1355 1746 profecerunt,

420 1775 625 1851 Academicos
666 1774 798 1842 maxime
839 1789 872 1842 et
907 1776 1129 1859 Peripateticos
1166 1795 1355 1862 germanos,

423 1913 560 1980 quonam
597 1893 767 1960 sententias
804 1893 843 1960 de
878 1891 1071 1978 cognitionis
1108 1907 1235 1961 nostrae
1264 1892 1356 1963 fonte

422 2032 495 2080 cum
527 2011 594 2078 allis
626 2011 705 2079 locis
730 2009 870 2092 Cicero,
892 2025 960 2078 turn
986 2010 1117 2078 mansne
1142 2011 1176 2078 ln
1202 2030 1297 2096 opere
1315 2014 1356 2080 de

422 2129 553 2205 Finibus
580 2129 695 2196 diserte
718 2128 879 2213 exposuit.
923 2128 1000 2194 Virn
1027 2127 1074 2193 illi
1100 2127 1236 2194 hominis
1260 2130 1357 2196 inter·
1445 2175 1449 2180 -

404 2262 492 2321 :nam
512 2245 716 2330 explorabant
743 2245 897 2326 naxium,
930 2263 1023 2328 quam
1055 2243 1189 2312 infantes
1215 2236 1355 2330 produnt

420 2363 588 2431 continuo.
633 2410 660 2444 ‚,
691 2361 753 2430 Est
789 2364 871 2430 enirn
905 2363 1017 2428 natura
1050 2360 1097 2427 sic
1130 2376 1272 2447 generata
1302 2363 1353 2430 vis

420 2481 581 2562 bominis,
604 2495 639 2548 ut
665 2481 706 2546 ad
723 2499 846 2547 omnem
867 2479 1016 2546 virtutem
1036 2479 1266 2564 percipiendam
1290 2478 1356 2546 fac·

422 2611 454 2665 ta
475 2599 638 2664 videatur:
663 2598 705 2663 ob
727 2615 859 2680 eamque
876 2616 1000 2662 causatu
1019 2597 1109 2680 parvi
1139 2596 1293 2667 uirtutum
1314 2597 1358 2665 si·

421 2712 592 2790 mulcetis,
619 2729 751 2792 quarum
784 2713 817 2776 iu
847 2729 883 2776 se
902 2714 1016 2778 habent
1033 2709 1173 2793 semina,
1195 2714 1265 2781 sine
1282 2715 1358 2781 doc·

413 2828 500 2897 ¹ulna
523 2803 712 2905 moventu⁶r3
746 2840 821 2891 sunt
848 2826 931 2892 enim
962 2828 1061 2910 prima
1087 2831 1238 2894 elementa
1263 2845 1354 2898 natu·

420 2966 486 3019 rae:
512 2945 627 3029 quibus
656 2943 779 3023 auctis,
802 2957 929 3010 naturae
957 2945 1047 3027 quasi
1063 2964 1186 3011 carmen
1206 2947 1239 2994 <¹³
1260 2946 1355 3014 ellici-

420 3078 484 3130 tur.
535 3062 617 3128 Nam
648 3079 719 3124 cum
755 3059 796 3126 ita
831 3059 894 3124 nati
932 3059 1071 3143 factique
1102 3062 1223 3144 simus,
1253 3076 1291 3129 ut
1321 3079 1354 3131 et
1450 3123 1458 3147 ,

418 3177 529 3262 agendi
551 3175 668 3257 aliquid
699 3189 730 3241 et
752 3174 902 3260 diligendi
928 3177 1074 3259 aliquos,
1101 3192 1134 3245 et
1161 3179 1352 3250 liberalitatis

409 3307 451 3377 ‚et
470 3292 647 3360 referendae
676 3293 792 3378 gratiae
818 3293 970 3377 principia
999 3294 1033 3360 in
1057 3296 1151 3363 nobis
1179 3299 1356 3368 continere-
1472 3336 1475 3343 ·

418 3430 510 3491 mus,
534 3423 627 3492 atque
647 3411 686 3475 ad
707 3410 887 3491 scientiam,
905 3413 1101 3495 prudentiam
1121 3414 1355 3486 fortitudinem·

418 3545 484 3608 que
511 3539 605 3610 aptos
634 3526 754 3593 animos
778 3526 985 3612 haberemus,
1007 3550 1025 3596 a
1057 3535 1286 3620 contrariisque
1307 3557 1356 3604 re·

1292 3653 1352 3719 bus

455 3785 496 3855 (a)
516 3785 659 3856 Eleganter
689 3789 800 3842 Ernesti
829 3791 862 3844 ds
891 3803 1024 3874 concentu
1047 3797 1164 3850 virtutis
1186 3798 1293 3866 accipit.
1316 3796 1354 3852 V.

420 3882 497 3939 Clas.
514 3887 572 3940 Cic.
610 3885 765 3955 inlelligere
788 3895 877 3942 autem
899 3889 1042 3967 formulam
1069 3891 1126 3945 siro
1152 3893 1238 3964 Iegem
1263 3894 1355 3951 aarum

419 3982 560 4052 murac,
583 4001 635 4056 qua
652 3987 740 4042 virius
757 3985 865 4040 nititur.
885 3986 919 4042 V·
941 3983 1081 4045 Goersns·
1099 3990 1133 4044 td
1149 3989 1178 4046 h.
1195 3991 1216 4048 Ι.
1332 4038 1339 4052 .
