2992 5220
714 492 865 535 ..2-

318 679 386 747 dam
406 699 477 747 esse
493 681 750 763 philosophiam,
773 685 828 749 sed
850 688 1017 768 procedere
1043 707 1107 756 eam
1133 692 1250 775 latius,

317 799 419 880 adque
450 797 550 861 omnis
581 799 701 879 generis
730 803 985 886 conditionisque
1011 808 1153 875 homines
1182 829 1252 892 per·

317 918 423 980 venire
450 930 618 998 oportere,
661 928 697 978 ut
722 917 827 981 cuncti
854 936 893 983 ex
926 921 995 1003 ejus
1026 923 1132 986 studio
1167 922 1252 988 fruc·

318 1047 384 1096 tum
415 1046 559 1115 caperent
587 1031 789 1097 uberrimum.
833 1033 1010 1121 Quocirca,
1034 1040 1163 1104 remotis
1193 1040 1250 1105 im·

317 1148 505 1232 pedimentis
514 1168 538 1227 ς’
559 1146 676 1228 quibus
706 1149 903 1232 ejus'aditus
934 1150 1034 1219 adhuc
1062 1155 1169 1223 fuerat·
1184 1160 1252 1244 ple·

319 1266 425 1348 risque
455 1263 659 1344 interclusus,
682 1265 861 1351 philosophi
882 1283 914 1335 et
930 1269 987 1335 sul
1007 1272 1126 1355 quique
1142 1275 1251 1356 lingua

316 1380 452 1446 scribere
477 1395 509 1446 et
529 1381 657 1446 suavius
682 1384 941 1469 elegantiusque,
971 1407 1062 1471 quarn
1086 1389 1151 1455 fieri
1172 1409 1250 1457 con·

317 1512 482 1579 sueverat,
515 1498 546 1563 in
563 1498 675 1582 primis
705 1504 899 1584 populariter
920 1505 1138 1589 philosophari
1163 1505 1249 1572 insti·

314 1628 463 1680 tuerunt:
487 1609 701 1700 argumentum
728 1633 855 1701 autem,
878 1620 967 1702 quod
995 1623 1247 1705 philosophando

314 1731 532 1815 erplorarent,
564 1730 641 1795 illud
667 1730 723 1798 srbi
747 1752 981 1818 proposuerunt
1010 1737 1164 1820 maxime,
1181 1757 1247 1820 quo

305 1828 436 1945 ¹i'rtt'lsl'aun
456 1833 562 1916 t'e'rrere
582 1848 679 1934 magis
708 1852 840 1934 quosvis
857 1854 1007 1920 homines
1029 1855 1177 1937 deberet,
1198 1855 1248 1938 ip·

307 1982 385 2049 m
402 1966 565 2033 hominem.
615 1954 960 2053 Hinc'dlaquisitiones
988 1972 1103 2042 multae
1134 1972 1249 2038 variae·

308 2102 376 2169 que
396 2084 436 2165 de
451 2083 586 2169 ‚historia
608 2084 808 2151 humanitatis
820 2132 847 2166 ,.
867 2085 985 2169 quibus
1007 2098 1038 2150 et
1058 2085 1192 2151 hominis
1213 2099 1246 2151 et

304 2184 431 2286 gerrem
455 2201 580 2266 humani
602 2214 710 2266 natura
729 2218 764 2265 ac
787 2201 869 2266 varia
897 2202 988 2267 variis
1019 2202 1096 2266 locis
1122 2215 1246 2285 tempo·

307 2320 460 2405 cibusque
486 2318 626 2386 conditio
657 2319 883 2416 exponebatur.
939 2316 1022 2382 Hinc
1050 2317 1260 2383 eruditorum·

304 2438 522 2519 consuetudo,
556 2451 616 2517 ut,
646 2437 869 2520 quodcumque
896 2449 1061 2502 tractarent
1086 2434 1246 2502 doctrinae

327 2574 429 2634 enus,
453 2555 604 2639 principia
634 2558 702 2637 ejus
722 2556 871 2620 ducerent
896 2574 934 2619 ex
956 2552 1091 2619 hominis
1120 2567 1242 2620 natura.

300 2577 390 2734 {linc
410 2667 548 2751 studium
569 2664 745 2747 praesertim
758 2667 1023 2748 philosophorum
1041 2669 1245 2750 acerrimum,

300 2784 374 2869 'quo
393 2795 529 2849 mentem
551 2780 715 2845 humanam
741 2777 948 2862 indagabant,
976 2780 1111 2864 ejusque
1128 2776 1246 2849 dwar-

298 2892 383 2985 ''u'ere
417 2898 581 2966 facultates
612 2894 749 2962 diversas
788 2895 968 2962 tentabant:
1010 2895 1095 2962 uude
1120 2894 1245 2965 criticae

296 2994 528 3107 'philosophiae
556 3028 589 3080 et
610 3028 724 3079 nomen
748 2994 874 3099 exstitit
892 3012 1003 3080 deinde
1019 3026 1050 3078 et
1070 3004 1241 3081 auctorite&

298 3106 439 3202 summa.
495 3132 557 3198 Sed
584 3129 658 3196 hinc
690 3131 778 3197 etiam
803 3128 944 3196 infinitus
964 3129 1115 3196 librorum
1133 3140 1244 3198 nume·

296 3223 382 3334 rus,
405 3250 461 3335 qui
487 3248 592 3316 ubivis
621 3248 804 3330 prodierunt
825 3247 864 3314 de
885 3260 967 3314 recte
986 3247 1160 3316 excolendo
1181 3247 1243 3314 ho·

298 3358 412 3449 mine,
454 3366 477 3434 i.
512 3385 568 3447 e.,
611 3363 651 3432 de
683 3384 853 3450 puerorum
881 3365 1065 3431 educatione
1090 3365 1132 3432 de
1156 3364 1242 3452 opti-

291 3473 357 3554 'ma
378 3483 512 3552 docendi
534 3482 583 3548 via
610 3496 641 3547 et
669 3482 812 3565 ratione,
844 3481 884 3549 de
906 3481 1057 3549 doctrinis
1087 3483 1127 3550 ad
1150 3490 1242 3548 com·

289 3591 432 3670 'munem
464 3600 603 3666 omnium
640 3616 733 3664 usum
769 3613 801 3663 et
831 3598 994 3666 utilitatem
1032 3584 1240 3664 §turbandae

308 3718 462 3797 omnino,
497 3731 533 3783 ut
557 3734 622 3783 rem
656 3716 764 3801 paucis
790 3716 1004 3802 complectar,
1032 3713 1168 3783 olom
1189 3718 1241 3782 n·

306 3834 401 3922 lr'qar'r
426 3834 620 3922 philosophia
653 3849 684 3902 et
709 3830 835 3931 uersari
864 3832 900 3898 ln
930 3832 1097 3900 lomim
1113 3830 1191 3899 Μῑ
1204 3834 1241 3897 ἅ
1298 3920 1301 3924 .

320 3932 482 4016 debiliate
500 3950 608 4036 coepit.
648 3974 655 3983 ·
1175 3935 1178 3939 ’
1218 3956 1224 3963 ·

284 4040 305 4088 ⁶
1175 4004 1239 4124 aaa
