2992 5220
639 457 831 502 -111-

274 617 592 700 viores,praescrtim
605 616 788 696 dialectica,
811 614 891 681 infra
911 615 1117 698 docebimus3
1141 621 1197 689 sed

276 739 336 802 hoc
366 738 458 814 loco,
498 734 551 798 ubi
575 734 612 799 de
645 735 711 800 veri
739 751 844 798 amore
869 733 1013 817 agimus,
1042 734 1098 816 qui
1127 754 1199 804 curn

274 853 416 938 justitiae
443 869 598 934 veraeque
625 850 748 916 virtutis
783 850 888 915 studio
923 850 1200 934 conjunctissimus
1256 937 1257 941 Ἰ

276 983 349 1052 est,
370 970 517 1036 interiora
558 967 734 1051 perspicere
766 965 906 1031 Platonis
949 966 1078 1031 consilia
1105 985 1200 1034 cone·

280 1106 349 1152 mur
364 1120 390 1166 ,·
414 1105 512 1168 quum
551 1083 764 1166 eloquentiam
798 1080 978 1149 informaret
1012 1084 1200 1167 cogitando,

279 1221 360 1285 quae
386 1217 418 1268 et
448 1217 567 1285 regeret
595 1200 815 1282 rempublicam
845 1214 941 1264 totam
971 1214 1002 1265 et
1034 1201 1073 1266 ad
1097 1220 1201 1268 veram

276 1319 496 1402 praestantiam
522 1317 763 1399 felicitatemque
782 1333 866 1382 esset
888 1330 1087 1399 provectura.
1110 1318 1204 1386 Haud

280 1435 397 1519 recepit
425 1435 458 1499 in
487 1453 573 1517 eam,
607 1452 641 1501 ut
678 1454 773 1518 supra
802 1434 958 1516 vidimus,
985 1435 1204 1503 celeberrimos

279 1556 408 1637 poetas,
428 1570 469 1617 ne
494 1552 597 1634 ipsum
624 1553 700 1618 adeo
721 1556 885 1634 poetarum
908 1552 1104 1635 principem,
1133 1553 1206 1619 Ho.

278 1687 419 1735 merum:
448 1687 519 1734 nam
550 1666 666 1734 frustra
703 1668 870 1735 incorum
901 1670 1091 1737 carminibus
1124 1670 1208 1738 vitae

280 1784 476 1866 quaesiverat
507 1786 678 1866 rationem,
711 1806 803 1868 quam
840 1803 967 1854 secutae
995 1788 1138 1855 civitates
1166 1788 1206 1854 ad

282 1901 431 1966 virtutem
467 1901 728 1981 honestatemque
759 1902 956 1983 proficerent.
983 1903 1014 1954 (¹)
1059 1906 1209 1972 Similiter

281 2017 316 2082 in
348 2017 500 2101 optimis,
523 2016 577 2099 qui
601 2017 701 2082 adhuc
720 2016 861 2096 fuerant,
884 2018 1065 2082 oratoribus
1085 2021 1209 2102 sapien·

283 2133 357 2198 tiam
378 2133 628 2212 desideraverat,
660 2151 740 2214 quae
768 2133 806 2199 ad
830 2131 978 2215 optimam
999 2131 1134 2198 civitatis
1157 2133 1211 2199 ad·

284 2249 542 2316 ministrationem
569 2251 793 2332 postularetur.
837 2249 985 2329 Scilicet,
1019 2263 1056 2314 ut
1074 2250 1209 2333 poesin,

224 2439 229 2450 Ι
282 2366 327 2430 ita
364 2368 568 2451 eloquentiam
610 2367 697 2431 Plato
730 2385 840 2431 noram
883 2365 1028 2451 inducere
1069 2369 1210 2450 studuit,

283 2499 389 2562 quae,
412 2480 439 2544 si
462 2480 542 2545 inter
568 2482 714 2544 mortales
738 2493 899 2562 appareret
918 2480 1106 2562 aliquando,
1127 2501 1214 2548 sttm·

286 2615 408 2660 morum
438 2595 499 2660 illis
531 2595 685 2660 bonorum
713 2593 786 2661 fons
816 2611 901 2662 essct
938 2596 1065 2663 futurus
1094 2599 1215 2667 uberri-

286 2729 369 2777 mus.
412 2711 499 2776 lllam
527 2712 709 2795 spectabat,
749 2727 785 2777 ut
809 2715 904 2778 modo
935 2715 1090 2797 diximus,
1133 2736 1214 2798 quae

177 2886 180 2898 .
286 2845 352 2894 non
377 2827 551 2894 adularetur
572 2827 722 2907 civibus,
750 2828 805 2894 sed
833 2847 888 2895 eos
918 2830 1080 2897 emendare
1102 2833 1214 2898 nitere·

287 2957 360 3024 tur,
382 2962 447 3008 non
474 2943 601 3027 gratiam
623 2946 706 3026 apud
725 2963 780 3010 eos
799 2944 878 3011 inire
904 2961 935 3012 et
957 2945 1086 3030 gloriam
1109 2966 1216 3030 repor-

287 3077 353 3127 tare
391 3061 554 3142 studeret,
587 3062 641 3127 sed
677 3049 735 3128 sua
770 3079 852 3129 esset
898 3064 1215 3148 virtutecontenra,

277 3198 433 3268 quaeque
446 3193 564 3245 tantum
583 3178 729 3259 abesset,
753 3194 812 3261 ut,
836 3181 923 3260 quod
957 3180 1103 3247 Callicles
1128 3200 1220 3265 spec·

289 3310 355 3361 tare
392 3296 461 3360 sive
489 3296 591 3359 solum
628 3296 696 3358 sive
732 3295 864 3358 maxime
891 3294 1076 3374 videbatur,
1115 3284 1219 3378 ipsius

287 3407 470 3491 prospicere
501 3407 633 3476 oratoris
659 3424 730 3470 cum
758 3404 856 3470 santae
894 3419 960 3469 tram
989 3407 1081 3471 saluti
1112 3412 1218 3478 stude·

290 3539 364 3603 ret,
396 3539 431 3587 ut
453 3521 503 3587 hic
529 3523 578 3586 vel
606 3542 624 3587 a
651 3518 775 3586 civibus
802 3520 841 3585 ad
877 3536 1007 3624 mortem
1034 3525 1243 3595 condemner

291 3655 367 3721 tus,
388 3659 447 3707 nec
478 3652 608 3706 mortem
629 3637 773 3718 timeret,
795 3656 848 3719 et,
872 3638 904 3703 in
928 3639 999 3722 ipso
1027 3642 1109 3709 vitae
1137 3645 1221 3729 peri.

290 3760 388 3840 culo,
408 3761 447 3826 ad
472 3757 679 3827 emendandos
707 3755 832 3822 illorum
852 3756 973 3825 animos
1001 3778 1060 3841 pro
1090 3763 1220 3837 veritate

1185 3893 1217 3945 et

331 4019 370 4087 (1)
390 4018 435 4071 Da
452 4020 518 4090 ch·
536 4021 573 4074 Χ.
592 4021 637 4080 Cf.
656 4038 723 4092 quac
740 4020 879 4087 diximus,
898 4019 962 4076 vol.
980 4022 1043 4093 hp.
1061 4026 1120 4082 142·
1164 4096 1169 4106 A,
1226 4068 1237 4095 a
