2992 5220
665 469 840 534 ..„..

280 644 313 696 'ct
339 632 496 700 coloribus
532 646 561 697 et
594 633 689 698 rebus
738 631 892 698 similibus
920 626 991 714 capi
1022 632 1126 716 iisque
1164 634 1219 704 de·

283 746 386 814 lactari
418 752 532 830 unice,
571 749 675 831 ipsum
703 767 779 814 vero
808 750 950 833 pulcrum
979 767 1021 814 ne
1045 749 1127 816 ferre
1145 753 1216 836 qui·

280 867 370 950 dem,
392 867 420 932 si
448 866 520 947 quis
547 883 621 947 ¹esse
649 864 839 932 contendit?
858 900 906 918 -
925 867 1141 932 Recordamur
1170 888 1215 923 -·-

278 988 332 1060 Mb
353 982 401 1054 odo
420 1009 451 1053 aa
470 985 740 1066 ntnnoatioonro
770 986 1018 1069 Φιλσδδξους
1051 970 1213 1062 introivero

278 1105 387 1175 adroic
407 1107 525 1183 nitran
546 1102 563 1178 i
584 1102 789 1184 ozanotooon
822 1121 866 1165 on
892 1103 997 1187 igitur
1015 1100 1216 1168 aberravero·
1270 1153 1275 1173 ,

279 1236 348 1281 nus
376 1238 398 1279 a
425 1234 522 1296 toro,
554 1219 777 1303 opinionis
803 1217 872 1281 illos
902 1225 1021 1303 magis,
1042 1237 1137 1302 quom
1156 1218 1215 1282 Μ’·

273 1334 478 1419 pientiae
507 1335 621 1397 anticos
650 1331 868 1418 appellantes?
905 1330 1007 1415 Atqui
1040 1333 1214 1400 irascentur

278 1447 373 1514 nobis
399 1448 624 1526 v'ebetuenter,
657 1448 685 1512 sl
711 1448 770 1513 boc
798 1447 979 1515 dixerimus.
1003 1487 1047 1502 -
1067 1450 1145 1516 Non
1165 1450 1214 1517 sa·

278 1567 387 1646 cient,
408 1565 437 1630 si
459 1566 584 1647 quidem
610 1552 688 1629 mibi
704 1577 857 1648 pareant:
879 1581 950 1631 nam
975 1566 1100 1633 veritati
1120 1565 1212 1633 irasci

278 1702 343 1749 uon
370 1683 456 1750 licet.
479 1680 512 1724 ‘¹³

320 1800 409 1883 Ergo
433 1798 501 1861 sia
521 1795 651 1862 caeteris
679 1796 826 1863 omnibus
853 1794 1046 1879 distinguere
1068 1795 1216 1880 philoso-

278 1914 362 1999 phos
389 1912 543 1993 velimus,
565 1915 627 1981 boc
651 1927 834 1992 teneamus,
856 1912 1091 1993 obsonator,
1114 1912 1216 1980 amare

278 2046 335 2094 eos
356 2026 551 2109 disciplinam
574 2041 754 2110 perpetuo,
779 2046 842 2108 qua
871 2027 950 2108 ipsis
971 2041 1081 2091 nutura
1110 2030 1214 2095 rerurir

277 2154 362 2212 certa
385 2157 418 2210 et
443 2154 616 2223 constans,
634 2159 691 2207 nec
709 2139 908 2226 generatione
934 2154 988 2207 aut
1008 2142 1214 2230 corruptione

277 2275 418 2342 mutata,
442 2258 589 2344 patefiata
610 2273 643 2324 et
671 2277 749 2324 vero
778 2274 879 2324 amare
900 2276 956 2323 eos
983 2257 1066 2324 illam
1095 2272 1214 2340 totam,

277 2396 336 2446 nec
360 2379 398 2444 ab
424 2379 493 2462 ejus
518 2388 607 2457 parte
637 2372 705 2440 sive
733 2391 828 2457 parva
857 2372 926 2440 sive
959 2376 1101 2458 majore,
1145 2374 1215 2443 sive

276 2496 390 2563 viliore
420 2494 489 2559 sive
519 2491 722 2557 honoratiore
754 2503 870 2571 sponte
897 2488 1073 2570 abstinere,
1117 2504 1216 2574 prout

277 2613 310 2677 in
338 2610 554 2695 superioribus
589 2610 628 2674 de
658 2607 833 2691 iurantibus
861 2621 893 2671 et
925 2605 1100 2672 ambitiosis
1134 2606 1216 2674 dixi·

274 2749 362 2795 mus.
386 2727 459 2793 Hoc
484 2741 586 2792 autem
609 2736 766 2808 praeterea
784 2723 881 2805 vide,
906 2742 980 2789 num
1004 2723 1083 2806 quid
1106 2742 1216 2793 neces·

277 2862 313 2912 se
333 2845 375 2910 sit
390 2855 517 2910 naturae
531 2861 639 2908 eorum
664 2840 790 2919 inesse,
814 2840 870 2922 qui
892 2843 968 2907 tales
995 2839 1095 2906 futuri
1114 2850 1210 2924 sunt,

275 2964 383 3045 quales
400 2959 618 3027 narravimus?
639 2994 684 3009 -
703 2957 805 3041 Quale
823 2956 936 3021 istud?
958 2994 1002 3010 -
1022 2956 1070 3021 Ut
1087 2976 1105 3020 a
1125 2966 1213 3024 ment

275 3078 364 3142 dacio
394 3079 484 3143 alieni
510 3077 597 3155 sint,
631 3073 774 3156 illudque
794 3072 882 3136 nullo
903 3070 998 3134 modo
1032 3069 1210 3153 accipiant,

277 3191 332 3255 sed
354 3190 498 3269 oderint,
519 3192 681 3256 veritatem
706 3207 784 3255 vero
812 3187 951 3272 diligant.
973 3186 1207 3256 -Probabile

274 3320 335 3376 est.
366 3339 412 3359 -
441 3305 521 3369 Non
551 3309 652 3370 solum
685 3305 850 3388 probabile
869 3317 939 3383 ost,
972 3301 1131 3384 oamice,
1153 3305 1211 3371 sed

274 3425 367 3511 plane
389 3418 623 3498 necessarium,
645 3438 741 3500 eum,
764 3423 818 3502 qui
837 3424 949 3486 naturt
978 3419 1056 3500 quid
1087 3419 1214 3504 diligit,

276 3540 431 3624 quidquid
456 3540 558 3604 aniato
584 3533 753 3621 cognatum
786 3549 834 3600 est
862 3556 896 3600 ac
922 3535 1095 3616 familiare,
1118 3535 1213 3603 simul
1313 3574 1316 3578 -

275 3658 415 3740 diligere.
436 3695 482 3712 -
501 3657 613 3722 Recte.
636 3686 683 3705 -
702 3652 790 3720 Num
813 3649 987 3733 sapientiae
1017 3651 1093 3733 quid
1122 3651 1211 3720 inve·

275 3776 342 3846 nias
366 3771 570 3853 familiarius,
593 3789 685 3852 quarn
708 3769 899 3874 veritatum?
921 3807 964 3822 -
990 3760 1070 3856 Quo*
1087 3771 1210 3836 tandem

1144 3903 1211 3951 rno-

310 4028 353 4101 (ι)
373 4027 416 4081 Da
432 4024 500 4093 Reli.
519 4021 555 4077 V·
573 4023 634 4077 480.
655 4023 690 4078 l.
