2992 5220
517 472 693 540 *45-

142 656 257 707 merare
279 651 311 705 et
332 639 528 721 supputare?
570 640 745 719 Nonam,
785 638 887 722 inquit
918 640 1066 724 Glauco,

141 757 288 838 siquam
319 755 476 822 minimam
511 756 599 822 etiarn
631 755 792 823 habiturus
832 757 874 822 sit
905 756 981 822 aciei
1016 759 1064 824 in-

139 873 303 940 struendae
332 870 530 952 facultatem,
552 872 762 956 omninoque,
784 874 812 940 si
833 876 883 940 vel
909 876 995 940 homo
1022 873 1066 940 sit

137 986 279 1054 iuturus.
344 987 408 1054 Cui
439 987 605 1070 Socrates,
648 1006 815 1076 reputasne
842 1007 901 1073 tu,
942 991 1067 1074 inquit,

139 1104 220 1172 idem
248 1105 287 1170 de
311 1104 368 1171 hac
399 1104 585 1190 disciplina,
608 1108 695 1188 quod
722 1108 807 1193 egoi
827 1142 874 1164 ι-
893 1106 1068 1194 Quidtan·

141 1222 238 1289 dem?
267 1257 314 1274 -
343 1227 505 1295 Κινδυνεύεν
542 1232 599 1294 τῶν
628 1228 699 1309 πρὸς
727 1228 781 1304 τὴν
808 1228 902 1303 νόησιν
931 1225 1067 1305 ἀγόντων

140 1342 232 1424 Φύσει
252 1339 326 1411 εἶναι
345 1338 360 1410 ὃ
380 1344 544 1426 ζητοῦμεν,
564 1345 692 1426 χρῆσθαι
710 1345 736 1411 δ’
754 1343 846 1416 οὐδεὶς
865 1343 948 1423 αὐτῷ
964 1343 1067 1424 ὀρθῶς,

139 1461 265 1542 ἑλκτικῷ
297 1459 357 1527 ὄντι
387 1460 567 1528 παντάπασι
597 1461 668 1541 πρὸς
698 1460 799 1527 οὐσίαν
820 1452 865 1520 (⁸³.
924 1454 962 1520 ld
992 1473 1069 1521 vero

140 1589 199 1639 nec
224 1572 348 1640 Glauco
377 1573 521 1657 intelligit
547 1572 725 1654 continuo,
758 1589 816 1638 nec
846 1570 991 1637 Socrates
1016 1569 1071 1638 do-

140 1690 254 1756 clarare
275 1689 336 1756 nisi
356 1689 522 1756 subtiliore
542 1689 754 1771 disputatione
783 1701 915 1773 potest,
935 1704 995 1753 nos
1015 1704 1072 1755 ve·

141 1822 177 1869 to
202 1824 268 1885 quo
295 1804 401 1888 aptius
429 1805 620 1890 pleniusque
641 1825 713 1872 cum
742 1805 971 1890 intelligamus,
1003 1819 1070 1873 tum

143 1933 246 1986 totum
271 1921 375 1988 animo
401 1921 635 2005 percipiamus,
666 1936 733 1988 tum
763 1921 854 1988 etiam
880 1939 959 2003 quae
986 1921 1073 1988 dein·

143 2053 219 2119 ceps
247 2037 393 2103 Socrates
433 2037 472 2101 de
500 2037 691 2118 geometris,
723 2037 762 2101 de
788 2034 1002 2115 astronomia,
1033 2035 1074 2103 de

142 2150 303 2218 harmonia
322 2164 355 2218 et
379 2150 539 2218 dialectica
565 2149 706 2218 dicturus
740 2164 812 2232 est,
832 2151 958 2233 assequi
992 2170 1074 2232 quo-
1108 2238 1111 2243 A

46 2289 68 2343 ·,
144 2269 309 2336 dammodo
340 2268 519 2352 possimus,
552 2286 616 2334 rem
638 2281 778 2350 repetere
799 2269 895 2352 paulo
920 2269 1010 2337 altitu
1040 2283 1074 2338 et

142 2387 300 2454 amendere
317 2386 378 2451 hoc
401 2388 472 2452 loco
493 2385 760 2487 Pythagoreorum
781 2383 954 2452 doctrinam
978 2403 1078 2469 opor·

142 2517 201 2570 tet.

188 2617 393 2685 Orientalium
421 2620 584 2704 gentium,
616 2621 732 2702 quibus
761 2620 875 2688 Graeci
899 2621 1075 2688 debuerunt

145 2738 263 2819 multa,
299 2737 442 2819 quamvis
465 2750 501 2801 ut
527 2736 671 2802 barbaras
693 2752 879 2820 spreverunt
905 2757 956 2804 eas
983 2736 1073 2820 fere,

143 2853 331 2943 admirabilis
362 2853 512 2936 quaedam
537 2852 600 2919 fuit
629 2872 695 2918 non
725 2854 990 2938 philosophandi,
1019 2852 1075 2920 sed
1115 2848 1119 2860 '

144 2970 321 3040 inveniendi
346 2970 486 3038 solertia.
540 2971 732 3037 Invenerunt
757 2986 860 3035 autem
893 2971 944 3033 illa
974 2970 1075 3050 potis·

144 3085 280 3166 simum,
325 3105 405 3168 quae
438 3088 477 3152 ad
508 3088 591 3155 vitae
622 3106 730 3174 usum,
751 3083 966 3168 pertinerent,
1007 3097 1075 3150 tum

146 3217 255 3266 eorum
276 3200 367 3267 etiam
394 3203 504 3283 initia,
527 3223 607 3285 quae
629 3202 749 3271 artibus
770 3200 881 3267 deinde
908 3214 939 3264 et
961 3200 1079 3265 doctri-

146 3318 197 3384 nis
223 3313 344 3384 utiliter
370 3317 508 3384 adhibita
534 3335 621 3387 sunt.
686 3321 776 3405 Quae
806 3318 907 3401 qualia
934 3316 1076 3398 fuerint,

148 3433 240 3503 facile
270 3431 491 3513 assequimur,
522 3433 577 3497 ubi
605 3436 680 3500 haec
709 3437 800 3518 ipsa,
832 3453 912 3516 quae
932 3434 994 3499 illis
1026 3435 1080 3501 de·

149 3552 286 3618 buerunt
312 3547 451 3628 Graeci,
472 3564 597 3630 nosque
616 3548 690 3612 item
716 3564 826 3631 postea
840 3551 877 3615 ab
901 3548 1010 3615 iisdem
1029 3569 1080 3616 ac·

149 3667 312 3751 cepimus,
334 3680 525 3748 reputamus.
566 3665 603 3730 In
624 3665 672 3731 his
691 3676 727 3730 ut
742 3664 849 3730 literae
870 3678 965 3746 sunt,
986 3685 1083 3748 quae·
1172 3680 1175 3686 ’

152 3801 216 3868 que
245 3779 462 3867 agriculturam
498 3797 644 3866 artesque
685 3781 878 3850 mechanicas
914 3798 1082 3870 spectant,

1039 3899 1081 3968 ita

192 4034 232 4106 (ι)
252 4032 296 4087 De
316 4033 384 4103 Περ.
404 4031 473 4090 vll.
489 4035 605 4099 521.st
625 4064 663 4085 =
678 4034 738 4091 525.
756 4037 791 4095 Α.
