2992 5220
688 446 866 508 ,ψ

308 613 383 679 deni
414 612 605 697 argumento·
637 609 839 693 disputandi:
890 609 973 674 unde
1012 609 1243 694 disputationes

311 741 475 797 mnarum
499 725 736 811 copiosissimae
751 703 1073 809 ¹elegantissimaeque
1098 727 1245 809 pbiloso-

308 847 449 927 phorum
472 859 638 924 veterum,
672 844 705 908 ln
734 844 845 927 primis
881 845 1162 919 Academicorumr
1194 844 1244 928 ip·

308 962 379 1029 sius
407 962 566 1028 fluxermm
601 961 765 1029 Ciceronis
806 961 964 1027 orationes
983 945 1170 1045 *primariae
1208 962 1243 1026 in

312 1078 580 1162 disputationibus
607 1078 824 1159 Academicis,
847 1078 1050 1160 de³hnibus,
1071 1080 1113 1144 'de
1136 1086 1266 1144 natura

307 1193 480 1273 Deorum,
502 1193 594 1274 aliis,
625 1193 742 1259 illis..si
771 1212 837 1258 non
870 1212 983 1277 pares,
1015 1187 1098 1258 c'erte
1124 1192 1248 1257 similli-

310 1328 406 1390 mae,
421 1317 515 1392 >qum
553 1311 604 1375 ad.
621 1311 792 1389 Senatum,
824 1308 864 1372 ad
892 1309 1055 1393 Quirites,
1089 1327 1147 1390 pro
1179 1326 1248 1372 ros-

305 1425 397 1508 -tris,
418 1426 451 1492 in
482 1426 554 1506 ipso
582 1423 780 1505 eloquentiae
808 1422 930 1506 regno,
952 1424 1073 1488 habuit.
1117 1400 1165 1490 Et
1194 1424 1247 1491 hle

306 1544 422 1611 nobis,
434 1555 523 1625 patet
539 1595 542 1598 .
559 1538 691 1604 maxime
729 1538 909 1605 dialecticae·
934 1540 1017 1623 apud
1037 1538 1187 1606 ·Veteres
1212 1559 1247 1607 ct

316 1656 514 1737 eloquentiae
548 1655 748 1739 conjunctior
796 1675 927 1736 quarum
966 1634 1077 1723 attium
1121 1653 1246 1724 alteram

311 1772 397 1841 ,aba
426 1772 614 1839 Aristoteles
645 1772 735 1838 alteri
769 1792 844 1838 esse
868 1781 1057 1860 ἀντιςριφὸν.
1111 1776 1249 1842 Adhibe-

305 1887 393 1959 ,bant
420 1875 569 1954 Oratores
595 1889 809 1968 dialecticam,
844 1910 908 1972 quo
941 1892 1038 1976 magis
1063 1893 1247 1983 sententiam
1334 1873 1336 1878 ¹

317 2020 405 2075 stram
426 2004 549 2082 ciuibus
578 2004 823 2088 persuaderent:
846 2009 1030 2093 philosophi
1055 2027 1157 2079 autem
1176 2028 1247 2079 curm

308 2121 403 2205 ,nihil
424 2121 456 2189 in
477 2122 664 2189 ciuitatibus
697 2123 760 2190 illis
778 2127 1166 2207 ‘eloquentia-haberetur
1186 2148 1250 2197 ma·

308 2242 371 2326 ,jus
395 2253 440 2306 et·
464 2239 638 2319 illustrius,
672 2255 703 2305 et
740 2243 850 2324 juvare
880 2259 1020 2306 oratores
1060 2244 1248 2324 studebant,

317 2373 379 2439 ut,
401 2357 433 2423 ln
464 2371 566 2423 uotae
595 2355 714 2444 gloriae
737 2356 925 2424 societatem
948 2357 1145 2440 pervenirent
1167 2378 1250 2441 quo·

319 2473 509 2550 dammodo,
532 2484 564 2534 et
586 2469 646 2551 ipsi
678 2472 842 2538 scribendo
870 2473 1066 2558 dicendoque
1085 2494 1158 2542 cum
1187 2477 1250 2544 illis
1333 2482 1335 2489 ⁴

321 2585 581 2683 deeloquentiae
603 2590 706 2670 palma
734 2592 966 2659 concertabant.
1026 2593 1249 2662 Verumtamen

321 2703 439 2771 factum
466 2703 508 2769 ita
527 2704 622 2771 simul
651 2721 722 2784 est,
745 2721 781 2771 ut
800 2724 898 2773 tanto
917 2709 1099 2788 splendore
1126 2713 1250 2772 elucen-

319 2832 381 2888 tes'
398 2820 457 2886 hae
481 2833 562 2887 artes
594 2817 795 2896 obscurarent
813 2821 905 2898 plane
935 2821 1105 2900 simplicem
1138 2819 1250 2886 verita·

322 2938 366 3005 tis
391 2934 681 3021 investigationem
725 2932 799 2998 haec
824 2933 1072 3018 negligeretur,
1089 2937 1141 3002 illa
1174 2957 1251 3005 vero

307 3055 626 3125 istis‘adbiberetur
649 3052 839 3135 argumentis
873 3050 1026 3132 maxime,
1050 3074 1131 3134 quae
1156 3057 1253 3123 maxi·

323 3190 375 3241 me
407 3171 530 3239 veritati
565 3181 785 3250 repugnarent.
829 3167 867 3233 ld
904 3168 986 3234 enim
1014 3169 1187 3254 dialectici,
1219 3174 1253 3240 id

324 3283 457 3351 oratoris
496 3300 615 3347 summa
647 3280 816 3347 habebatur
853 3286 938 3364 laus,
978 3299 1014 3349 ut
1043 3307 1124 3368 quae
1140 3304 1253 3362 ,essent

305 3397 700 3481 3falsa1,2baecdiccndo
735 3397 893 3482 efficeret,
932 3419 971 3465 ut
1012 3421 1083 3467 vera
1112 3402 1253 3472 videreta·

324 3530 391 3583 tur.
480 3550 493 3561 ==
579 3549 583 3556 ·
787 3581 791 3586 .

364 3633 411 3701 Ita
446 3646 509 3700 erat
532 3631 717 3706 ,Aristotelis
742 3637 939 3714 raauoyrrruh
968 3635 1140 3720 methodo,
1173 3659 1251 3709 eon-

309 3750 399 3830 ,silio
424 3750 631 3834 inprimisque
648 3749 762 3815 effectu
778 3750 966 3818 ‚Socraticae
994 3757 1163 3839 ἐπαγωγῆς
1181 3779 1253 3842 per·

306 3890 414 3953 ‚quam
449 3866 621 3939 dissimilis.
677 3867 773 3950 Quod
814 3869 920 3952 ipsum
950 3869 1153 3938 Aristotelem
1187 3889 1252 3940 non

199 4029 201 4032 -
239 3987 242 3991 ’
305 3989 421 4059 ‚lamia
465 3989 541 4063 Duo
569 3997 669 4073 sunt,
691 3985 759 4091 air,
778 3991 1094 4070 austrannus-uorat
1120 3987 1252 4071 genem,

1187 4120 1265 4182 im
