2992 5220
646 468 821 571 7-77-

276 634 474 715 Indignamur
503 649 625 715 autem,
668 636 734 701 imo
769 655 847 704 vero
873 637 1017 704 ridemus·
1039 639 1201 707 bominum

275 749 402 814 illorum
429 750 525 816 absur
539 749 679 818 ditatam.
757 753 839 818 Nam
874 753 992 820 similes
1029 768 1104 819 sunt
1142 753 1202 835 iis,

275 865 331 945 qui
346 867 536 935 contendere
553 870 705 968 audeant,
726 870 829 937 coecis
847 890 882 937 se
903 871 1004 937 oculis
1026 870 1129 936 visum
1148 869 1206 934 im·

244 1033 246 1037 ,
275 982 437 1067 posituros
461 989 560 1052 asset
582 1005 648 1069 quo
674 1005 750 1053 sane
780 988 858 1054 nihil
885 987 960 1069 fingi
990 987 1128 1071 ineptius
1150 985 1215 1052 ab·-

276 1100 471 1182 surdiusque
499 1101 615 1184 possit.
683 1104 755 1196 Nos
790 1123 885 1182 veto,
920 1076 1046 1169 homine
1073 1102 1204 1169 interius

275 1216 463 1298 euplomto,
495 1233 532 1282 ut
568 1218 635 1284 veri
667 1238 803 1285 amorem
841 1221 969 1306 ineius
1002 1220 1131 1300 animo,
1161 1217 1216 1283 lta·
1307 1292 1310 1297 ¹

274 1333 419 1418 ὄργανον,
451 1352 576 1399 sensum
601 1337 763 1416 quemdam
794 1337 858 1404 veri
891 1338 1096 1423 agnovimus,
1127 1353 1207 1400 ocu·

274 1452 339 1515 lum
367 1450 505 1530 mentis,
528 1470 594 1533 quo
617 1471 681 1518 uno
703 1455 843 1535 vetitus,
867 1454 899 1520 id
920 1455 1007 1537 quod
1034 1467 1105 1532 est,
1127 1468 1206 1516 con-

274 1565 354 1648 spici
385 1581 503 1650 potest.
548 1568 614 1634 Illis
634 1569 735 1654 igitur
749 1570 912 1652 cedimus,
944 1585 980 1635 ut
999 1568 1130 1636 infinitis
1150 1569 1207 1631 ha·

274 1683 386 1749 bandis
410 1685 604 1751 orationibus
627 1701 659 1752 et
689 1686 751 1754 sibi
777 1702 808 1754 et
830 1686 1027 1753 auditoribus
1041 1688 1203 1769 placeant,

274 1797 454 1881 frustraque
484 1801 646 1880 laborent,
679 1818 716 1868 ut
745 1805 802 1869 hac
825 1803 944 1869 ratione
969 1800 1133 1886 discipulis
1156 1817 1207 1863 sa·

276 1915 446 1999 pientiam,
469 1931 505 1983 ut
535 1918 638 1983 coecis
669 1920 799 2000 visum,
831 1920 1013 2000 imponant:
1037 1937 1097 1982 nos
1117 1934 1202 1982 men·

276 2031 317 2097 tis
336 2032 512 2099 curabimus
531 2035 686 2114 oculum,
717 2050 776 2115 ut,
803 2035 863 2100 hoc
884 2049 1018 2119 purgato
1040 2033 1207 2098 restituto*
1227 2051 1231 2063 ·

277 2167 361 2230 que,
383 2169 471 2216 mens
498 2169 555 2234 per
573 2151 661 2217 illum
689 2151 847 2218 scientiam
869 2166 901 2218 et
922 2152 1081 2218 veritatem
1116 2150 1207 2216 adse·

194 2339 197 2344 ,
276 2281 410 2348 quatur:
453 2287 520 2349 quo
553 2270 713 2336 doctrinae
741 2271 892 2337 valebunt
932 2271 1088 2349 maxime,
1130 2286 1210 2335 cum·

275 2381 381 2465 abac,
402 2396 470 2450 tum
499 2385 665 2467 geometria
686 2401 718 2450 et
744 2386 914 2450 dialectica.
936 2384 1063 2448 -Sed
1094 2384 1126 2447 in
1153 2381 1204 2445 iti·

275 2499 359 2571 neris
390 2498 529 2564 confecti
555 2500 768 2564 recordatione
795 2498 1010 2564 lubentissime
1038 2515 1111 2563 saue
1130 2513 1207 2561 cunr

275 2617 412 2684 Platonis
441 2617 628 2683 attendimus
655 2617 686 2681 in
715 2611 903 2699 explorandi
926 2619 1037 2680 natura
1066 2611 1205 2680 hominis

274 2734 494 2820 sagacitatem,
517 2748 583 2799 tum
612 2735 797 2819 singularem
835 2732 978 2817 inprimis
998 2730 1136 2798 Socratis
1155 2746 1206 2794 ra·

263 2852 404 2923 tionem.
449 2852 543 2918 Unus
569 2853 621 2918 ille
644 2852 676 2918 in
700 2866 766 2918 tota
804 2851 1046 2918 Atheniensium
1075 2847 1212 2915 civitate

273 2971 317 3036 ei-
334 2988 369 3037 se
398 2970 568 3057 objiciebat
604 2971 734 3051 studio,
778 2988 845 3054 quo
873 2987 980 3036 omnes
1012 2966 1214 3034 ducebantur·

273 3086 565 3154 vehementissime:
590 3102 656 3154 erat
686 3088 747 3154 hoc
768 3103 871 3154 autem
895 3087 1034 3152 studium
1053 3087 1208 3166 eloquen·

276 3205 348 3272 tiae.
392 3205 475 3271 Nam
493 3204 683 3289 quicumque
706 3207 757 3271 vel
776 3205 873 3282 literis
892 3203 1110 3286 doctrinisque
1129 3220 1206 3284 ope·

276 3342 340 3389 ram
364 3323 541 3401 navabant,
570 3324 622 3387 vel
651 3321 684 3385 iu
708 3321 868 3401 republica
896 3320 936 3382 ad
967 3321 1104 3383 honores
1128 3335 1210 3380 con·

275 3436 466 3516 tendebant,
485 3455 543 3518 per
564 3453 656 3499 unam
678 3435 810 3500 maxime
830 3433 1040 3515 eloquentiam
1061 3431 1098 3496 ad
1119 3430 1210 3513 prin·

274 3553 411 3637 ripatum
446 3550 479 3616 in
509 3550 558 3617 lris
590 3548 756 3617 studebant
788 3549 965 3634 pervenire.
1018 3548 1092 3631 Ipse
1127 3546 1206 3614 adeo

273 3672 415 3756 populus
442 3687 513 3736 eum
541 3668 575 3734 iu
595 3665 691 3746 foto,
716 3682 781 3733 turn
815 3664 979 3733 incastris
1005 3665 1085 3732 nibil
1112 3665 1208 3733 habe·

273 3789 327 3854 bat
352 3787 481 3853 suavius
512 3785 709 3868 potiusque,
733 3804 826 3866 quarn
850 3800 991 3850 oratores
1022 3784 1129 3851 audire
1152 3803 1212 3850 co-

272 3905 364 3987 piose
392 3921 564 3987 ornateque
591 3903 741 3969 dicentes.
787 3901 863 3986 Quo
895 3900 1010 3979 fiebat,
1043 3915 1078 3967 ut
1112 3900 1205 3966 dtrce·

273 4035 361 4087 retur
379 4026 471 4104 plane
497 4022 630 4103 ab‘lris,
651 4021 876 4107 aptissimoque
898 4019 931 4085 hi
957 4018 1084 4085 nomine
1111 4021 1208 4098 inua-

618 4161 620 4167 .
1144 4159 1208 4215 w
