2992 5220
557 465 709 535 ...q-3·

212 657 275 729 δαὶ
303 659 447 742 quamvis
474 660 629 744 praeclare
653 659 778 726 fuerint
797 672 959 744 parentum
978 674 1104 730 nostro*
1154 705 1164 715 -

167 792 240 846 ram
268 775 303 844 in
330 775 567 860 philosophiam
592 776 721 856 merita,
744 777 881 861 licetque
911 776 988 842 adeo
1004 794 1101 861 spon·

167 904 202 960 te
230 889 264 961 in
290 893 491 975 antiquorum
515 892 707 959 incurrerent
733 893 864 978 vestigia
895 911 1015 977 eosque
1045 912 1102 961 su·

166 1008 346 1095 pneuma
365 1007 522 1090 subinde,
563 1022 640 1075 stant
666 1023 769 1089 tamen
797 1011 919 1092 multa,
962 1027 1043 1095 quae
1065 1011 1100 1080 in

167 1143 278 1193 eorum
295 1106 410 1194 sttrdlis
427 1143 499 1192 cum
519 1126 770 1214 reprehendenda
799 1125 864 1192 sint
892 1123 1008 1209 nobis,
1030 1143 1099 1209 tum

166 1254 260 1312 ceute
285 1242 439 1311 erittnda.
491 1238 599 1323 Nam,
630 1259 672 1308 ne
702 1240 801 1307 dicam
824 1242 863 1309 de
891 1243 1102 1325 popularitate

164 1360 237 1443 illa,
256 1359 311 1429 cui
330 1356 427 1429 cesla
447 1358 530 1426 lund
551 1378 621 1426 raro
637 1358 769 1425 interior
787 1377 891 1426 rerum
911 1359 1098 1445 inquisitio:

164 1478 254 1564 quod
269 1477 353 1546 Baco
368 1491 402 1545 et
414 1477 558 1547 Lockius
580 1492 669 1544 antea
687 1477 909 1557 instituerant,
932 1491 981 1547 ut=
996 1477 1099 1544 homi·

163 1606 236 1661 netu
256 1595 477 1679 explorarent,
498 1593 559 1659 hoc
580 1594 624 1660 ita
643 1592 799 1678 persecuti
828 1609 907 1666 sunt
921 1608 989 1661 tutn
1009 1594 1097 1683 Angl

162 1711 327 1796 pictique,
348 1726 417 1778 tum
429 1696 838 1796 Gallofranciphllosophi,
860 1712 1031 1778 utisensus
1049 1725 1096 1778 at·

161 1829 322 1897 tenderent
343 1827 579 1912 diligentissime
603 1829 745 1921 corporis
773 1829 922 1911 humani,
944 1829 1009 1897 vim
1035 1828 1095 1896 lao-

88 2013 93 2026 ,
160 1946 257 2015 minis
275 1947 445 2025 internam,
466 1945 623 2012 internum
644 1964 772 2042 sensum
785 1992 798 2028 ,
812 1948 867 2016 vix
885 1948 1091 2043 attenderenm

159 2063 481 2152 Quoeffecerrmt,ut
493 2062 626 2148 ,partim
637 2063 764 2130 homine
777 2062 888 2131 eximie
904 2064 1093 2155 explorato,

159 2184 214 2250 hac
244 2203 320 2250 vero
343 2183 375 2248 in
405 2197 493 2266 parte
513 2181 681 2267 praecipui
703 2182 845 2266 neglecto
867 2200 1022 2264 prorsus,
1043 2181 1095 2267 ip.-

157 2318 227 2367 sum
256 2300 436 2380 hominem,
468 2300 491 2366 i.
516 2317 547 2366 e.
581 2313 722 2365 naturam
753 2299 928 2381 moralem,
961 2297 1095 2366 aeterni·

156 2417 212 2491 tati
239 2416 450 2497 destinatam,
471 2430 537 2482 non
559 2429 680 2481 tantum
704 2433 770 2478 non
799 2415 1012 2497 explicarent,
1034 2413 1092 2484 sed

16 2595 22 2602 .
99 2509 104 2517 ⁹
155 2534 359 2598 obscurarent
378 2549 522 2614 prorsus.
566 2529 768 2596 Exstiterunt
794 2529 894 2610 adeo,
923 2530 979 2614 qui
1001 2533 1091 2617 plen·
1136 2579 1140 2588 .

154 2664 204 2714 tae
231 2646 409 2726 hominem,
442 2647 514 2726 alii,
545 2646 601 2728 qui
635 2640 795 2711 machinae
825 2644 963 2712 facerent
1000 2646 1089 2716 simi·
1189 2688 1192 2692 ,

152 2763 237 2843 lent,
258 2761 425 2842 nonnulli,
446 2761 503 2844 qui
529 2775 560 2826 et
588 2760 744 2828 hominem
775 2775 807 2828 et
835 2779 937 2831 retum
962 2762 1089 2831 univer·

150 2878 273 2946 ritatem
294 2878 372 2946 solis
393 2877 513 2946 moveri
542 2878 729 2945 mechanicis
749 2878 870 2948 viribus
899 2880 1089 2966 legibusque

149 2995 386 3063 contenderent.
446 2995 591 3083 Quorum
624 2995 695 3061 libri
727 2996 798 3081 ipsi
827 2997 903 3080 illa,
934 3018 997 3082 qut
1014 3018 1088 3085 per-

148 3111 258 3196 scripti
279 3126 385 3194 erant,
419 3112 641 3196 perspicuitate
658 3128 691 3180 et
712 3114 944 3198 popularitate,
976 3117 1084 3186 multis

148 3228 375 3310 persuadebant
401 3227 566 3311 opiniones
599 3229 714 3310 hasce,
735 3251 839 3315 eoque
858 3233 1087 3317 persuadebant

146 3342 270 3413 futilius
303 3344 505 3426 certiusque,
545 3341 611 3427 qus
643 3348 790 3430 majorem
818 3350 916 3433 vulgo
936 3349 1086 3447 ¹homines

146 3461 247 3526 oculis
281 3459 396 3525 habent
421 3458 538 3540 fidem,
582 3480 675 3543 quarn
703 3461 858 3544 internis,
892 3465 948 3531 sed
971 3466 1088 3534 obscu-

145 3577 281 3646 rioribus
301 3571 401 3645 animi‘
413 3577 571 3645 sensibus.
615 3578 720 3647 Alieni
739 3581 777 3646 ab
792 3581 878 3647 hisce
899 3582 1085 3673 opinionum

116 3696 327 3766 'commentis
356 3710 536 3766 manserunt
565 3696 701 3765 melioris
726 3699 942 3784 gmviorisquc
968 3700 1095 3790 indolis,

142 3812 229 3896 uiri,
249 3832 308 3883 nec
331 3812 448 3881 cxliitlt
477 3813 562 3898 apud
582 3815 759 3882 Germanos
787 3816 963 3884 Batavosve
987 3821 1085 3904 paulo

145 3930 271 4009 qaum
309 3931 473 4019 summm
501 3913 719 4015 casumque
746 3933 984 4029 philosophus,
1013 3908 1083 4044 ‚pir

1063 4039 1068 4053 t

580 4048 653 4115 Aa
1031 4050 1080 4116 in·
