2992 5220
518 459 750 534 -99-.

143 634 299 714 appellet,
327 633 381 716 qui
401 628 501 697 verbis
519 630 635 719 possint
664 651 733 696 cam
754 633 789 693 in
807 626 929 709 judicio
949 627 1071 708 jadon

139 745 220 826 bus,
248 762 316 812 tum
343 750 378 835 in
407 759 518 810 senatu
544 743 757 824 senatoribus,
788 756 854 807 tum
882 745 917 805 in
938 743 1072 815 comitiis,
1172 764 1176 770 ·

140 875 171 925 aa
201 864 236 924 in
273 859 464 947 quibuslisbet
496 858 686 926 concionibus
729 861 844 927 civium
873 844 1072 933 auditoribus,

134 975 325 1062 persuadere
346 978 390 1040 (¹).
434 976 497 1040 Hic
525 951 694 1057 Socrates,
732 992 797 1057 qrro
825 974 921 1058 magis
949 974 988 1039 de
1008 973 1067 1039 hac

139 1093 199 1159 viri
229 1092 380 1176 opinione
403 1092 541 1172 artisque
571 1105 678 1156 natura
699 1106 731 1156 et
758 1091 922 1175 proposito
942 1108 1065 1155 summo

139 1220 318 1288 constaret,
339 1209 453 1288 visne,
474 1208 600 1290 inquit,
622 1211 686 1274 duo
708 1227 860 1290 ponamus
889 1206 1067 1302 persuasio·
1088 1280 1093 1289 ¹

139 1325 189 1390 nis
213 1343 345 1410 genera,
368 1326 495 1390 alterum
523 1326 592 1390 sine
618 1325 745 1391 scientia
771 1324 860 1390 fidem
885 1339 1068 1407 praestans,
1105 1408 1108 1415 Ι

140 1443 268 1514 alterum
299 1459 374 1507 vero
400 1440 580 1506 scientiam?
604 1477 649 1491 —
670 1442 719 1507 Sit
740 1441 795 1506 ita.
817 1477 862 1493 —
878 1443 992 1509 littam
1014 1459 1069 1507 ves

71 1606 73 1613 .
139 1574 175 1621 ro
204 1556 437 1638 persuasionem
465 1557 642 1638 eloquentia
662 1556 752 1622 affert
781 1556 815 1622 in
840 1556 965 1641 judiciis
984 1557 1067 1648 aliis-

139 1689 202 1753 que
223 1672 366 1738 coetibus
383 1673 422 1738 de
445 1671 541 1757 justis
564 1672 754 1756 injustisque
776 1673 899 1739 rebus‘i
929 1690 972 1738 eu
1002 1693 1065 1755 qua

129 1787 281 1853 homines
299 1788 368 1852 sine
386 1787 516 1853 scientia
533 1789 680 1869 credant,
700 1806 738 1852 an
758 1805 796 1853 ex
809 1809 870 1871 qua
887 1788 1066 1855 sciant?-

137 1904 245 1968 Patett
269 1892 307 1967 ex
336 1921 397 1983 qua
425 1903 584 1969 audientes
613 1905 651 1968 ad
676 1903 766 1968 iidem
787 1905 989 1971 adducantur.
1020 1941 1066 1970 ·.-

138 2019 249 2102 Ergo,
272 2031 308 2082 ut
337 2018 481 2099 videtur,
513 2008 724 2100 persuasionis
750 2016 861 2083 artifex
889 2020 1067 2102 eloquentia

137 2152 206 2215 est,
231 2152 310 2216 quae
337 2134 554 2200 credulitatem
576 2134 686 2218 potius
718 2153 809 2217 quant
836 2137 995 2200 scientiam
1026 2135 1067 2201 de

135 2251 223 2333 justo
251 2266 282 2315 et
305 2249 424 2333 injusto
450 2264 586 2332 praestat
608 2248 651 2314 (²).
697 2249 780 2315 Haec
810 2265 841 2315 et
869 2251 926 2316 alia
956 2251 1067 2321 similia
1105 2317 1109 2329 ,

136 2381 172 2431 ut
194 2379 391 2430 concesserat
419 2364 576 2447 Gorgias,
600 2365 743 2429 Socrates
770 2365 905 2444 deinde,
930 2370 1063 2457 quodsi,

136 2482 261 2562 inquit,
283 2480 361 2543 nihil
379 2479 472 2562 habet
492 2499 563 2543 cum
580 2479 708 2544 scientia
728 2481 905 2560 eloquentia
924 2500 1065 2550 commu·

136 2615 200 2676 ne,
224 2614 273 2660 ars
291 2612 356 2658 non
376 2607 443 2672 est,
466 2594 522 2658 sed
541 2593 582 2659 sit
599 2607 725 2676 oportet
755 2597 893 2677 inscripti
915 2623 960 2672 τις
976 2601 1064 2684 peri.

134 2714 182 2776 tia
193 2709 366 2797 quaedam,
387 2708 434 2773 uti
445 2728 477 2773 v.
489 2727 519 2774 c.
532 2707 711 2788 coquinaria
730 2726 779 2773 res
790 2724 856 2771 non
867 2727 915 2771 ars
928 2722 996 2791 cst,
1007 2709 1063 2775 sed

135 2827 246 2912 peritia
267 2829 334 2912 ejus
355 2827 440 2909 quod
455 2826 584 2909 gratiam
604 2825 862 2906 voluptatemque
880 2823 985 2891 habet.
1010 2824 1062 2908 Sic

134 2944 336 3028 eloquentia,
360 2963 452 3026 quam
476 2962 534 3007 vos
559 2940 701 3018 vocatis,
725 2939 851 3024 gratiam
868 2940 991 3019 quidem
1007 2960 1065 3005 vo·

134 3067 348 3147 luptatemque
376 3059 555 3125 hominibus
583 3057 683 3140 parit,
728 3076 776 3120 ars
807 3074 883 3120 vero
916 3055 1065 3138 appelari

132 3201 198 3246 non
221 3195 339 3262 potest.
362 3179 439 3243 Non
465 3177 560 3254 dico,
583 3176 663 3242 idern
687 3191 757 3239 csse
771 3191 834 3237 rem
853 3171 1064 3251 coquinarium

133 3311 165 3362 et
186 3295 416 3375 eloquentiam
440 3291 496 3355 sed
521 3292 659 3372 ejusdem
688 3288 782 3351 studii
808 3288 975 3367 particulas
994 3307 1066 3353 esse

132 3411 193 3475 ai0.
238 3407 361 3494 Quodsi
392 3403 558 3484 quaeritis,
591 3404 753 3483 cujustmm
777 3401 840 3463 sint
870 3389 965 3464 studii
994 3421 1063 3482 par·

134 3525 268 3605 riculae,
290 3520 387 3603 pudet
415 3516 552 3595 referre,
575 3534 615 3580 ne
641 3514 779 3597 Gorgiae
805 3534 862 3598 ego
885 3528 980 3579 artem
1009 3535 1062 3582 co-

134 3643 284 3709 micorum
313 3637 417 3703 videat
452 3633 570 3698 ratione
600 3632 709 3696 ridete.
759 3635 963 3700 Anneianum
986 3636 1061 3731 pai,

135 3761 308 3844 bitunia,
336 3753 410 3824 aioni
428 3779 456 3820 tr
477 3754 681 3832 ἐπιτήδευμα,
703 3753 839 3845 τεχνικὴ
855 3754 909 3830 μὲν
929 3749 978 3826 οὗ,
1001 3761 1061 3835 iao·

170 4026 211 4097 (a)
231 4027 315 4098 Gorg·
333 4032 383 4084 452
401 4030 434 4083 E.
