2992 5220
568 467 742 532 ..62-

192 656 318 737 ιόδωρε,
346 687 392 703 -
423 654 522 734 σαυτῷ
552 678 587 719 τι
619 656 669 720 καὶ
702 663 763 726 τοῖς
801 651 906 726 ἄλλοις
938 653 1120 734 ἀφραίνεις,

188 774 272 849 πλὴν
293 772 467 852 Σωκράτους
478 789 490 833 .·
512 784 629 854 semper
648 770 699 832 tui
720 769 830 834 similis
855 788 903 846 as,
925 790 941 832 0
962 743 1123 854 Apollonio

192 909 249 969 rc,
280 918 327 935 -
355 890 390 950 in
416 902 446 951 te
481 901 675 972 caeterosque
712 885 820 950 acerba
851 885 1032 965 inveheris,
1063 905 1123 950 uno

189 1019 312 1092 eaeccpto
331 1005 471 1069 Socrate.
495 1001 526 1047 (¹)
563 1002 672 1069 Talem
701 1019 803 1069 autem
825 1002 857 1068 in
879 1020 914 1069 se
932 1021 1067 1069 amorem
1089 1014 1124 1068 nt

190 1124 225 1191 in
247 1121 411 1205 discipulis
437 1121 584 1187 excitaret
603 1119 770 1198 Socrates,
793 1138 864 1183 cum
886 1137 990 1184 mores
1011 1117 1123 1184 effece-

141 1306 146 1313 ,
188 1254 264 1307 runt
284 1239 368 1319 viri,
392 1253 457 1303 tum
476 1237 620 1303 effecisse
642 1236 766 1300 videtur
785 1235 917 1300 maxime
935 1237 1010 1301 haec
1032 1238 1120 1319 ipsa,

188 1376 282 1439 quam
312 1354 523 1437 explicamus,
553 1359 721 1438 partorum.
763 1352 845 1419 Nam
872 1367 937 1418 erat
967 1353 1019 1418 iila
1048 1372 1119 1418 cum

186 1471 363 1539 incredibili
396 1472 526 1554 quadam
552 1470 764 1536 benivolentia
792 1485 824 1535 et
842 1467 980 1538 caritatis
1002 1468 1123 1554 signifi·
1155 1495 1158 1507 ·

186 1589 311 1657 catione
352 1589 539 1671 conjunctas
575 1591 643 1672 ἔρως
674 1602 777 1654 autem
818 1591 970 1672 ἀντέρωτα
999 1590 1118 1657 risen:

188 1723 279 1769 amor
299 1705 430 1770 uicissim
458 1721 592 1766 amoram
616 1705 722 1790 parit.
767 1703 828 1769 Sed
852 1702 915 1786 ipsi
938 1701 1121 1786 disciplinae

187 1819 250 1889 hoc
280 1818 442 1901 proprium
475 1833 573 1899 erat,
607 1832 643 1883 ut
676 1833 797 1900 pareret
836 1838 985 1886 amorem.
1037 1820 1120 1886 Nam

186 1934 347 2019 primum,
367 1934 500 2000 sublatis
531 1934 736 2018 opinionibus
770 1934 860 2002 falsis
886 1950 920 2003 et
951 1955 1119 2019 praeoccu-

186 2052 297 2134 patis,
317 2070 451 2119 amorem
473 2051 562 2132 veri,
585 2052 639 2117 diu
670 2052 740 2118 istis
770 2072 956 2137 oppressum
991 2070 1023 2120 et
1052 2053 1118 2120 fere

187 2168 398 2250 suffocatum,
421 2183 577 2250 tamquam
595 2186 615 2235 e
633 2169 737 2235 cinere
755 2169 946 2249 suscitabat,
970 2185 1005 2235 ut
1033 2189 1120 2248 errar-

186 2287 326 2353 deseeret
344 2286 378 2352 in
398 2286 520 2352 animo:
544 2285 605 2351 hoc
626 2299 729 2358 autern
754 2286 825 2367 quis
851 2300 900 2351 est
930 2286 986 2369 qui
1014 2286 1120 2352 incen-

187 2404 293 2484 ditur,
317 2403 394 2486 quin
413 2403 521 2469 eodem
539 2418 772 2487 praeceptorem
798 2403 905 2470 studio
931 2417 962 2470 et
992 2422 1118 2486 amore,

187 2541 253 2604 quo
281 2521 378 2604 ipsam
404 2521 588 2603 veritatem,
618 2520 853 2604 prosequatur?
880 2521 942 2587 Est
962 2520 1045 2588 enim
1069 2520 1120 2586 hic

186 2638 249 2721 ipsi
271 2657 336 2704 non
353 2638 466 2703 summi
488 2654 606 2703 tantum
627 2637 769 2702 beneficii
789 2654 918 2718 auctor,
941 2637 998 2702 sed
1017 2656 1121 2703 exem·

73 2805 77 2820 .
187 2755 276 2838 plum
310 2753 422 2831 etiam,
452 2754 540 2832 quod
561 2753 692 2832 assequi
721 2753 864 2832 studeat,
894 2751 962 2833 ipsa
989 2767 1039 2817 est
1072 2751 1119 2817 illi

186 2869 326 2939 veritatis
347 2868 538 2950 virtutisque
561 2866 685 2951 imago,
708 2887 771 2948 qua
800 2869 1037 2950 contemplanda
1063 2888 1119 2934 co·

187 2988 357 3067 lendaque‚
390 2983 535 3049 amaturis
570 2985 662 3064 plane
690 2984 809 3064 instar,
839 2983 942 3050 satiari
969 3002 1035 3049 non
1060 3004 1118 3066 po·

185 3118 261 3170 test.
305 3102 412 3180 Vera,
434 3101 480 3165 sic
498 3102 591 3182 plane
616 3100 757 3165 divinum
784 3086 1120 3182 praeceptorem-ama·

187 3220 263 3285 baut
284 3215 457 3297 socratici,
480 3217 526 3282 sic
544 3235 615 3283 euru
633 3232 707 3299 post
727 3196 858 3283 mortem
886 3219 1021 3287 venerati
1043 3236 1119 3288 sunt

184 3353 219 3403 et
238 3336 415 3410 coluerunt.
458 3333 600 3414 Deinde,
624 3333 679 3415 qui
701 3335 757 3399 hac
784 3334 949 3419 disciplim
970 3358 988 3404 a
1009 3338 1121 3406 Socra·

186 3467 219 3518 te
250 3450 543 3535 perpurgabautur,
580 3451 714 3534 primum
755 3454 881 3535 quidem
920 3476 1011 3543 aegre
1040 3458 1122 3527 fere·

185 3569 285 3647 bant,
317 3565 432 3633 auferri
458 3564 521 3631 sibi
546 3584 603 3647 ea,
627 3567 744 3650 quibus
771 3569 862 3636 unice
882 3571 1118 3655 gloriabantur,

188 3701 333 3766 quaeque
353 3698 392 3748 ut
418 3697 506 3767 parta
532 3684 658 3769 ingenio
678 3703 737 3749 suo
756 3687 883 3767 paterni
902 3686 1029 3752 caritate
1050 3686 1121 3750 dili·

189 3799 304 3886 gebant
329 3813 362 3868 et
388 3802 624 3883 osculabantur,
675 3801 794 3882 Erant,
821 3815 857 3867 ut
880 3801 923 3866 ait
951 3801 1119 3885 Socrates,

1065 3938 1121 4000 qur

203 3988 206 3993 Ι
228 4029 269 4101 (ι)
288 4026 382 4099 Symp.
402 4030 517 4101 12⁵1),
