<?xml version="1.0" encoding="UTF-8"?>
<!DOCTYPE html PUBLIC "-//W3C//DTD XHTML 1.0 Transitional//EN"
    "http://www.w3.org/TR/xhtml1/DTD/xhtml1-transitional.dtd">
<html xmlns="http://www.w3.org/1999/xhtml" xml:lang="en" lang="en">
 <head>
  <title>
</title>
<meta http-equiv="Content-Type" content="text/html;charset=utf-8" />
  <meta name='ocr-system' content='tesseract 3.04.00' />
  <meta name='ocr-capabilities' content='ocr_page ocr_carea ocr_par ocr_line ocrx_word'/>
</head>
<body>
  <div class='ocr_page' id='page_1' title='image "./initiaphilosoph01heusgoog_0371.png"; bbox 0 0 2992 5220; ppageno 0'>
   <div class='ocr_carea' id='block_1_1' title="bbox 688 420 882 486">
    <p class='ocr_par' dir='ltr' id='par_1_1' title="bbox 688 420 882 486">
     <span class='ocr_line' id='line_1_1' title="bbox 688 420 882 486; baseline 0.005 -30"><span class='ocrx_word' id='word_1_1' title='bbox 688 420 882 486; x_wconf 58' lang='grc' dir='ltr'><em>..χῃ-</em></span> 
     </span>
    </p>
   </div>
   <div class='ocr_carea' id='block_1_2' title="bbox 223 585 1240 3556">
    <p class='ocr_par' dir='ltr' id='par_1_2' title="bbox 252 585 1240 2992">
     <span class='ocr_line' id='line_1_2' title="bbox 310 585 1240 670; baseline 0.008 -19"><span class='ocrx_word' id='word_1_2' title='bbox 310 587 393 652; x_wconf 88' lang='lat' dir='ltr'>enim</span> <span class='ocrx_word' id='word_1_3' title='bbox 426 585 603 652; x_wconf 83' lang='lat' dir='ltr'>immodum</span> <span class='ocrx_word' id='word_1_4' title='bbox 633 604 652 650; x_wconf 80' lang='lat' dir='ltr'>a</span> <span class='ocrx_word' id='word_1_5' title='bbox 681 587 908 654; x_wconf 89' lang='lat' dir='ltr'>recentioribus</span> <span class='ocrx_word' id='word_1_6' title='bbox 938 587 1154 670; x_wconf 81' lang='lat' dir='ltr'><strong>philosophiae</strong></span> <span class='ocrx_word' id='word_1_7' title='bbox 1186 590 1240 658; x_wconf 81' lang='lat' dir='ltr'>al-</span> 
     </span>
     <span class='ocr_line' id='line_1_3' title="bbox 309 701 1238 789; baseline 0.004 -20"><span class='ocrx_word' id='word_1_8' title='bbox 309 704 405 770; x_wconf 86' lang='lat' dir='ltr'>hibita</span> <span class='ocrx_word' id='word_1_9' title='bbox 435 719 507 785; x_wconf 90' lang='lat' dir='ltr'>est,</span> <span class='ocrx_word' id='word_1_10' title='bbox 538 719 574 769; x_wconf 92' lang='lat' dir='ltr'>ut</span> <span class='ocrx_word' id='word_1_11' title='bbox 604 701 685 768; x_wconf 89' lang='lat' dir='ltr'>idem</span> <span class='ocrx_word' id='word_1_12' title='bbox 713 708 776 783; x_wconf 76' lang='lat' dir='ltr'>ed,</span> <span class='ocrx_word' id='word_1_13' title='bbox 800 704 888 786; x_wconf 90' lang='lat' dir='ltr'>quod</span> <span class='ocrx_word' id='word_1_14' title='bbox 912 703 1031 789; x_wconf 66' lang='lat' dir='ltr'>analysi</span> <span class='ocrx_word' id='word_1_15' title='bbox 1056 702 1166 786; x_wconf 90' lang='lat' dir='ltr'>Plato,</span> <span class='ocrx_word' id='word_1_16' title='bbox 1188 706 1238 773; x_wconf 88' lang='lat' dir='ltr'>iu·</span> 
     </span>
     <span class='ocr_line' id='line_1_4' title="bbox 307 818 1237 901; baseline 0.003 -15"><span class='ocrx_word' id='word_1_17' title='bbox 307 820 463 887; x_wconf 87' lang='lat' dir='ltr'>tellexisse</span> <span class='ocrx_word' id='word_1_18' title='bbox 491 818 664 889; x_wconf 79' lang='lat' dir='ltr'>videantur.</span> <span class='ocrx_word' id='word_1_19' title='bbox 706 818 837 901; x_wconf 78' lang='lat' dir='ltr'>Proprie</span> <span class='ocrx_word' id='word_1_20' title='bbox 866 840 941 888; x_wconf 90' lang='lat' dir='ltr'>vero</span> <span class='ocrx_word' id='word_1_21' title='bbox 976 819 1022 885; x_wconf 91' lang='lat' dir='ltr'>sic</span> <span class='ocrx_word' id='word_1_22' title='bbox 1055 832 1105 884; x_wconf 83' lang='lat' dir='ltr'>est</span> <span class='ocrx_word' id='word_1_23' title='bbox 1124 819 1163 884; x_wconf 89' lang='lat' dir='ltr'>ab</span> <span class='ocrx_word' id='word_1_24' title='bbox 1181 821 1237 890; x_wconf 81' lang='lat' dir='ltr'>illa</span> 
     </span>
     <span class='ocr_line' id='line_1_5' title="bbox 306 924 1240 1018; baseline 0 -17"><span class='ocrx_word' id='word_1_25' title='bbox 306 936 449 1016; x_wconf 89' lang='lat' dir='ltr'>diversa,</span> <span class='ocrx_word' id='word_1_26' title='bbox 483 949 544 1014; x_wconf 91' lang='lat' dir='ltr'>ut,</span> <span class='ocrx_word' id='word_1_27' title='bbox 574 953 644 1000; x_wconf 90' lang='lat' dir='ltr'>cum</span> <span class='ocrx_word' id='word_1_28' title='bbox 673 947 807 1014; x_wconf 87' lang='lat' dir='ltr'>utraque</span> <span class='ocrx_word' id='word_1_29' title='bbox 835 924 1047 1018; x_wconf 85' lang='lat' dir='ltr'>inquirendo,¹</span> <span class='ocrx_word' id='word_1_30' title='bbox 1078 925 1240 1002; x_wconf 87' lang='lat' dir='ltr'>invenien-</span> 
     </span>
     <span class='ocr_line' id='line_1_6' title="bbox 308 1050 1238 1136; baseline 0.001 -19"><span class='ocrx_word' id='word_1_31' title='bbox 308 1054 371 1132; x_wconf 87' lang='lat' dir='ltr'>do,</span> <span class='ocrx_word' id='word_1_32' title='bbox 397 1051 565 1136; x_wconf 76' lang='lat' dir='ltr'>Judicaudo</span> <span class='ocrx_word' id='word_1_33' title='bbox 597 1050 766 1133; x_wconf 87' lang='lat' dir='ltr'>procedat,</span> <span class='ocrx_word' id='word_1_34' title='bbox 808 1050 933 1120; x_wconf 86' lang='lat' dir='ltr'>criticae</span> <span class='ocrx_word' id='word_1_35' title='bbox 961 1051 995 1118; x_wconf 90' lang='lat' dir='ltr'>in</span> <span class='ocrx_word' id='word_1_36' title='bbox 1027 1052 1137 1136; x_wconf 89' lang='lat' dir='ltr'>primis</span> <span class='ocrx_word' id='word_1_37' title='bbox 1168 1068 1238 1118; x_wconf 88' lang='lat' dir='ltr'>mu·</span> 
     </span>
     <span class='ocr_line' id='line_1_7' title="bbox 307 1167 1238 1252; baseline 0.002 -18"><span class='ocrx_word' id='word_1_38' title='bbox 307 1170 436 1234; x_wconf 81' lang='lat' dir='ltr'>nussia</span> <span class='ocrx_word' id='word_1_39' title='bbox 460 1167 621 1252; x_wconf 77' lang='lat' dir='ltr'>judicare.</span> <span class='ocrx_word' id='word_1_40' title='bbox 664 1167 788 1232; x_wconf 84' lang='lat' dir='ltr'>invenit</span> <span class='ocrx_word' id='word_1_41' title='bbox 809 1169 963 1251; x_wconf 84' lang='lat' dir='ltr'>analysis:</span> <span class='ocrx_word' id='word_1_42' title='bbox 999 1188 1080 1251; x_wconf 89' lang='lat' dir='ltr'>quae</span> <span class='ocrx_word' id='word_1_43' title='bbox 1109 1169 1238 1236; x_wconf 76' lang='lat' dir='ltr'>inventu</span> 
     </span>
     <span class='ocr_line' id='line_1_8' title="bbox 305 1283 1237 1373; baseline 0.003 -23"><span class='ocrx_word' id='word_1_44' title='bbox 305 1297 379 1350; x_wconf 89' lang='lat' dir='ltr'>sunt</span> <span class='ocrx_word' id='word_1_45' title='bbox 409 1303 444 1349; x_wconf 91' lang='lat' dir='ltr'>ac</span> <span class='ocrx_word' id='word_1_46' title='bbox 472 1284 636 1349; x_wconf 87' lang='lat' dir='ltr'>memoriae</span> <span class='ocrx_word' id='word_1_47' title='bbox 658 1283 808 1367; x_wconf 90' lang='lat' dir='ltr'>prodita,</span> <span class='ocrx_word' id='word_1_48' title='bbox 830 1284 938 1350; x_wconf 88' lang='lat' dir='ltr'>critica</span> <span class='ocrx_word' id='word_1_49' title='bbox 961 1285 1117 1370; x_wconf 85' lang='lat' dir='ltr'>dijudicat.</span> <span class='ocrx_word' id='word_1_50' title='bbox 1149 1286 1237 1373; x_wconf 83' lang='lat' dir='ltr'>Qua·</span> 
     </span>
     <span class='ocr_line' id='line_1_9' title="bbox 303 1399 1236 1484; baseline 0.008 -21"><span class='ocrx_word' id='word_1_51' title='bbox 303 1413 433 1482; x_wconf 89' lang='lat' dir='ltr'>propter</span> <span class='ocrx_word' id='word_1_52' title='bbox 457 1399 612 1480; x_wconf 88' lang='lat' dir='ltr'>praecedit</span> <span class='ocrx_word' id='word_1_53' title='bbox 639 1399 714 1477; x_wconf 91' lang='lat' dir='ltr'>illa,</span> <span class='ocrx_word' id='word_1_54' title='bbox 746 1401 820 1464; x_wconf 92' lang='lat' dir='ltr'>haec</span> <span class='ocrx_word' id='word_1_55' title='bbox 856 1402 1074 1484; x_wconf 85' lang='lat' dir='ltr'>subsequitur.</span> <span class='ocrx_word' id='word_1_56' title='bbox 1129 1403 1236 1470; x_wconf 88' lang='lat' dir='ltr'>Habet</span> 
     </span>
     <span class='ocr_line' id='line_1_10' title="bbox 303 1513 1234 1602; baseline 0.005 -22"><span class='ocrx_word' id='word_1_57' title='bbox 303 1514 377 1580; x_wconf 91' lang='lat' dir='ltr'>item</span> <span class='ocrx_word' id='word_1_58' title='bbox 409 1529 563 1596; x_wconf 87' lang='lat' dir='ltr'>utraque,</span> <span class='ocrx_word' id='word_1_59' title='bbox 596 1531 662 1594; x_wconf 93' lang='lat' dir='ltr'>quo</span> <span class='ocrx_word' id='word_1_60' title='bbox 696 1513 898 1596; x_wconf 91' lang='lat' dir='ltr'>potissimum</span> <span class='ocrx_word' id='word_1_61' title='bbox 931 1515 1095 1586; x_wconf 86' lang='lat' dir='ltr'>referatur.</span> <span class='ocrx_word' id='word_1_62' title='bbox 1150 1518 1234 1602; x_wconf 84' lang='lat' dir='ltr'>Ipsis</span> 
     </span>
     <span class='ocr_line' id='line_1_11' title="bbox 302 1628 1233 1709; baseline 0.009 -15"><span class='ocrx_word' id='word_1_63' title='bbox 302 1631 333 1695; x_wconf 92' lang='lat' dir='ltr'>iu</span> <span class='ocrx_word' id='word_1_64' title='bbox 361 1631 456 1694; x_wconf 88' lang='lat' dir='ltr'>rebus</span> <span class='ocrx_word' id='word_1_65' title='bbox 494 1642 635 1693; x_wconf 85' lang='lat' dir='ltr'>versatur</span> <span class='ocrx_word' id='word_1_66' title='bbox 664 1628 821 1709; x_wconf 87' lang='lat' dir='ltr'>analysis:</span> <span class='ocrx_word' id='word_1_67' title='bbox 864 1643 897 1693; x_wconf 93' lang='lat' dir='ltr'>et</span> <span class='ocrx_word' id='word_1_68' title='bbox 925 1632 1061 1699; x_wconf 83' lang='lat' dir='ltr'>animum</span> <span class='ocrx_word' id='word_1_69' title='bbox 1095 1633 1233 1703; x_wconf 83' lang='lat' dir='ltr'>hominia</span> 
     </span>
     <span class='ocr_line' id='line_1_12' title="bbox 303 1742 1233 1820; baseline 0.009 -8"><span class='ocrx_word' id='word_1_70' title='bbox 303 1762 335 1812; x_wconf 91' lang='lat' dir='ltr'>et</span> <span class='ocrx_word' id='word_1_71' title='bbox 361 1763 410 1810; x_wconf 87' lang='lat' dir='ltr'>res</span> <span class='ocrx_word' id='word_1_72' title='bbox 433 1743 582 1810; x_wconf 86' lang='lat' dir='ltr'>humanas</span> <span class='ocrx_word' id='word_1_73' title='bbox 604 1760 714 1808; x_wconf 87' lang='lat' dir='ltr'>omnes</span> <span class='ocrx_word' id='word_1_74' title='bbox 742 1762 778 1808; x_wconf 86' lang='lat' dir='ltr'>ac</span> <span class='ocrx_word' id='word_1_75' title='bbox 806 1742 925 1810; x_wconf 86' lang='lat' dir='ltr'>divinas</span> <span class='ocrx_word' id='word_1_76' title='bbox 955 1761 1101 1813; x_wconf 89' lang='lat' dir='ltr'>ettotam</span> <span class='ocrx_word' id='word_1_77' title='bbox 1126 1769 1233 1820; x_wconf 89' lang='lat' dir='ltr'>rerum</span> 
     </span>
     <span class='ocr_line' id='line_1_13' title="bbox 302 1859 1231 1942; baseline 0.004 -15"><span class='ocrx_word' id='word_1_78' title='bbox 302 1860 537 1927; x_wconf 88' lang='lat' dir='ltr'>universitatem</span> <span class='ocrx_word' id='word_1_79' title='bbox 568 1859 734 1942; x_wconf 87' lang='lat' dir='ltr'>explorat,</span> <span class='ocrx_word' id='word_1_80' title='bbox 767 1877 942 1942; x_wconf 90' lang='lat' dir='ltr'>verumque</span> <span class='ocrx_word' id='word_1_81' title='bbox 963 1860 996 1926; x_wconf 91' lang='lat' dir='ltr'>iu</span> <span class='ocrx_word' id='word_1_82' title='bbox 1027 1862 1078 1927; x_wconf 91' lang='lat' dir='ltr'>his</span> <span class='ocrx_word' id='word_1_83' title='bbox 1106 1867 1231 1932; x_wconf 86' lang='lat' dir='ltr'>cunctis</span> 
     </span>
     <span class='ocr_line' id='line_1_14' title="bbox 252 1974 1232 2062; baseline 0 -17"><span class='ocrx_word' id='word_1_84' title='bbox 252 1981 256 1997; x_wconf 91' lang='grc'><strong>“</strong></span> <span class='ocrx_word' id='word_1_85' title='bbox 302 1977 428 2062; x_wconf 88' lang='lat' dir='ltr'>assequi</span> <span class='ocrx_word' id='word_1_86' title='bbox 454 1976 583 2058; x_wconf 81' lang='lat' dir='ltr'>studet3</span> <span class='ocrx_word' id='word_1_87' title='bbox 618 1974 725 2040; x_wconf 93' lang='lat' dir='ltr'>critica</span> <span class='ocrx_word' id='word_1_88' title='bbox 746 1994 823 2041; x_wconf 90' lang='lat' dir='ltr'>vero</span> <span class='ocrx_word' id='word_1_89' title='bbox 845 1988 881 2040; x_wconf 92' lang='lat' dir='ltr'>ut</span> <span class='ocrx_word' id='word_1_90' title='bbox 906 1977 1049 2060; x_wconf 78' lang='lat' dir='ltr'>iudicat,</span> <span class='ocrx_word' id='word_1_91' title='bbox 1070 1993 1107 2043; x_wconf 92' lang='lat' dir='ltr'>ut</span> <span class='ocrx_word' id='word_1_92' title='bbox 1127 1979 1232 2045; x_wconf 83' lang='lat' dir='ltr'>minus</span> 
     </span>
     <span class='ocr_line' id='line_1_15' title="bbox 301 2092 1231 2177; baseline 0 -15"><span class='ocrx_word' id='word_1_93' title='bbox 301 2096 464 2177; x_wconf 89' lang='lat' dir='ltr'>invenire,</span> <span class='ocrx_word' id='word_1_94' title='bbox 494 2095 581 2177; x_wconf 87' lang='lat' dir='ltr'>quod</span> <span class='ocrx_word' id='word_1_95' title='bbox 608 2110 715 2157; x_wconf 89' lang='lat' dir='ltr'>verum</span> <span class='ocrx_word' id='word_1_96' title='bbox 751 2107 821 2172; x_wconf 87' lang='lat' dir='ltr'>est,</span> <span class='ocrx_word' id='word_1_97' title='bbox 854 2109 946 2173; x_wconf 89' lang='lat' dir='ltr'>quam</span> <span class='ocrx_word' id='word_1_98' title='bbox 973 2111 1084 2159; x_wconf 90' lang='lat' dir='ltr'>verum</span> <span class='ocrx_word' id='word_1_99' title='bbox 1107 2113 1126 2159; x_wconf 92' lang='lat' dir='ltr'>a</span> <span class='ocrx_word' id='word_1_100' title='bbox 1148 2092 1231 2163; x_wconf 82' lang='lat' dir='ltr'>falso</span> 
     </span>
     <span class='ocr_line' id='line_1_16' title="bbox 300 2206 1232 2298; baseline -0.005 -16"><span class='ocrx_word' id='word_1_101' title='bbox 300 2215 491 2298; x_wconf 80' lang='lat' dir='ltr'>distinguere</span> <span class='ocrx_word' id='word_1_102' title='bbox 514 2212 640 2288; x_wconf 89' lang='lat' dir='ltr'>studet,</span> <span class='ocrx_word' id='word_1_103' title='bbox 663 2208 705 2273; x_wconf 90' lang='lat' dir='ltr'>ita</span> <span class='ocrx_word' id='word_1_104' title='bbox 723 2208 760 2274; x_wconf 93' lang='lat' dir='ltr'>ad</span> <span class='ocrx_word' id='word_1_105' title='bbox 792 2207 959 2291; x_wconf 89' lang='lat' dir='ltr'>opiniones</span> <span class='ocrx_word' id='word_1_106' title='bbox 979 2206 1165 2292; x_wconf 89' lang='lat' dir='ltr'>homiuum,</span> <span class='ocrx_word' id='word_1_107' title='bbox 1191 2210 1232 2277; x_wconf 84' lang='lat' dir='ltr'>ad</span> 
     </span>
     <span class='ocr_line' id='line_1_17' title="bbox 301 2320 1229 2417; baseline -0.005 -17"><span class='ocrx_word' id='word_1_108' title='bbox 301 2320 563 2417; x_wconf 80' lang='lat' dir='ltr'>philosophorum</span> <span class='ocrx_word' id='word_1_109' title='bbox 601 2328 737 2413; x_wconf 91' lang='lat' dir='ltr'>placita,</span> <span class='ocrx_word' id='word_1_110' title='bbox 775 2327 813 2394; x_wconf 89' lang='lat' dir='ltr'>ad</span> <span class='ocrx_word' id='word_1_111' title='bbox 846 2327 1000 2408; x_wconf 86' lang='lat' dir='ltr'>scripta,¹</span> <span class='ocrx_word' id='word_1_112' title='bbox 1030 2346 1111 2408; x_wconf 88' lang='lat' dir='ltr'>quae</span> <span class='ocrx_word' id='word_1_113' title='bbox 1142 2328 1229 2395; x_wconf 89' lang='lat' dir='ltr'>omui</span> 
     </span>
     <span class='ocr_line' id='line_1_18' title="bbox 298 2444 1230 2528; baseline -0.008 -11"><span class='ocrx_word' id='word_1_114' title='bbox 298 2470 375 2517; x_wconf 88' lang='lat' dir='ltr'>aevo</span> <span class='ocrx_word' id='word_1_115' title='bbox 402 2448 540 2514; x_wconf 91' lang='lat' dir='ltr'>inomni</span> <span class='ocrx_word' id='word_1_116' title='bbox 574 2446 686 2511; x_wconf 91' lang='lat' dir='ltr'>artium</span> <span class='ocrx_word' id='word_1_117' title='bbox 718 2444 990 2525; x_wconf 87' lang='lat' dir='ltr'>doctrinarumque</span> <span class='ocrx_word' id='word_1_118' title='bbox 1021 2461 1133 2527; x_wconf 88' lang='lat' dir='ltr'>genere</span> <span class='ocrx_word' id='word_1_119' title='bbox 1154 2462 1230 2528; x_wconf 86' lang='lat' dir='ltr'>pro·</span> 
     </span>
     <span class='ocr_line' id='line_1_19' title="bbox 299 2561 1228 2647; baseline -0.005 -13"><span class='ocrx_word' id='word_1_120' title='bbox 299 2568 446 2644; x_wconf 89' lang='lat' dir='ltr'>dierunt,</span> <span class='ocrx_word' id='word_1_121' title='bbox 481 2566 519 2629; x_wconf 89' lang='lat' dir='ltr'>ad</span> <span class='ocrx_word' id='word_1_122' title='bbox 538 2566 611 2628; x_wconf 90' lang='lat' dir='ltr'>haec</span> <span class='ocrx_word' id='word_1_123' title='bbox 643 2563 739 2647; x_wconf 84' lang='lat' dir='ltr'>igitur</span> <span class='ocrx_word' id='word_1_124' title='bbox 762 2561 947 2644; x_wconf 83' lang='lat' dir='ltr'>exploranda</span> <span class='ocrx_word' id='word_1_125' title='bbox 974 2577 1006 2626; x_wconf 91' lang='lat' dir='ltr'>et</span> <span class='ocrx_word' id='word_1_126' title='bbox 1035 2561 1228 2645; x_wconf 82' lang='lat' dir='ltr'>dijudicanda</span> 
     </span>
     <span class='ocr_line' id='line_1_20' title="bbox 297 2675 1226 2764; baseline -0.002 -17"><span class='ocrx_word' id='word_1_127' title='bbox 297 2679 433 2747; x_wconf 83' lang='lat' dir='ltr'>refertur</span> <span class='ocrx_word' id='word_1_128' title='bbox 462 2677 675 2761; x_wconf 89' lang='lat' dir='ltr'>potissimum.</span> <span class='ocrx_word' id='word_1_129' title='bbox 720 2676 790 2762; x_wconf 91' lang='lat' dir='ltr'>Qua</span> <span class='ocrx_word' id='word_1_130' title='bbox 822 2675 854 2739; x_wconf 92' lang='lat' dir='ltr'>in</span> <span class='ocrx_word' id='word_1_131' title='bbox 891 2694 925 2740; x_wconf 92' lang='lat' dir='ltr'>re</span> <span class='ocrx_word' id='word_1_132' title='bbox 953 2689 984 2741; x_wconf 92' lang='lat' dir='ltr'>et</span> <span class='ocrx_word' id='word_1_133' title='bbox 1009 2693 1128 2764; x_wconf 79' lang='lat' dir='ltr'>putare</span> <span class='ocrx_word' id='word_1_134' title='bbox 1148 2677 1226 2745; x_wconf 90' lang='lat' dir='ltr'>illud</span> 
     </span>
     <span class='ocr_line' id='line_1_21' title="bbox 296 2793 1225 2879; baseline 0.001 -18"><span class='ocrx_word' id='word_1_135' title='bbox 296 2795 481 2862; x_wconf 84' lang='lat' dir='ltr'>Latinorum</span> <span class='ocrx_word' id='word_1_136' title='bbox 501 2808 533 2857; x_wconf 84' lang='lat' dir='ltr'>et</span> <span class='ocrx_word' id='word_1_137' title='bbox 542 2798 703 2877; x_wconf 55' lang='lat' dir='ltr'>&amp;exuperauit</span> <span class='ocrx_word' id='word_1_138' title='bbox 718 2811 806 2872; x_wconf 90' lang='lat' dir='ltr'>,quo</span> <span class='ocrx_word' id='word_1_139' title='bbox 827 2812 903 2857; x_wconf 79' lang='lat' dir='ltr'>usus</span> <span class='ocrx_word' id='word_1_140' title='bbox 915 2793 1002 2857; x_wconf 75' lang='lat' dir='ltr'>Plato</span> <span class='ocrx_word' id='word_1_141' title='bbox 1014 2809 1063 2858; x_wconf 58' lang='lat' dir='ltr'>eit</span> <span class='ocrx_word' id='word_1_142' title='bbox 1076 2794 1225 2879; x_wconf 81' lang='lat' dir='ltr'>,proprie</span> 
     </span>
     <span class='ocr_line' id='line_1_22' title="bbox 297 2908 1227 2992; baseline -0.002 -15"><span class='ocrx_word' id='word_1_143' title='bbox 297 2912 441 2992; x_wconf 91' lang='lat' dir='ltr'>obtinet;</span> <span class='ocrx_word' id='word_1_144' title='bbox 462 2928 532 2974; x_wconf 87' lang='lat' dir='ltr'>nam</span> <span class='ocrx_word' id='word_1_145' title='bbox 550 2908 753 2974; x_wconf 89' lang='lat' dir='ltr'>discernendo</span> <span class='ocrx_word' id='word_1_146' title='bbox 779 2908 925 2974; x_wconf 85' lang='lat' dir='ltr'>simillae</span> <span class='ocrx_word' id='word_1_147' title='bbox 951 2908 1129 2987; x_wconf 87' lang='lat' dir='ltr'>similibus,</span> <span class='ocrx_word' id='word_1_148' title='bbox 1150 2930 1227 2992; x_wconf 89' lang='lat' dir='ltr'>pro·</span> 
     </span>
    </p>

    <p class='ocr_par' dir='ltr' id='par_1_3' title="bbox 223 3021 1227 3556">
     <span class='ocr_line' id='line_1_23' title="bbox 298 3021 1226 3103; baseline -0.001 -15"><span class='ocrx_word' id='word_1_149' title='bbox 298 3025 410 3090; x_wconf 86' lang='lat' dir='ltr'>babilla</span> <span class='ocrx_word' id='word_1_150' title='bbox 435 3043 452 3087; x_wconf 91' lang='lat' dir='ltr'>a</span> <span class='ocrx_word' id='word_1_151' title='bbox 474 3028 591 3103; x_wconf 89' lang='lat' dir='ltr'>certis,</span> <span class='ocrx_word' id='word_1_152' title='bbox 612 3024 689 3089; x_wconf 86' lang='lat' dir='ltr'>falsa</span> <span class='ocrx_word' id='word_1_153' title='bbox 719 3043 755 3090; x_wconf 91' lang='lat' dir='ltr'>ae</span> <span class='ocrx_word' id='word_1_154' title='bbox 785 3039 933 3102; x_wconf 91' lang='lat' dir='ltr'>corrupta</span> <span class='ocrx_word' id='word_1_155' title='bbox 960 3039 977 3084; x_wconf 94' lang='lat' dir='ltr'>a</span> <span class='ocrx_word' id='word_1_156' title='bbox 1008 3021 1092 3084; x_wconf 91' lang='lat' dir='ltr'>veris</span> <span class='ocrx_word' id='word_1_157' title='bbox 1112 3035 1145 3085; x_wconf 90' lang='lat' dir='ltr'>et</span> <span class='ocrx_word' id='word_1_158' title='bbox 1175 3039 1226 3087; x_wconf 88' lang='lat' dir='ltr'>sa·</span> 
     </span>
     <span class='ocr_line' id='line_1_24' title="bbox 223 3114 1222 3221; baseline -0.003 -16"><span class='ocrx_word' id='word_1_159' title='bbox 223 3114 226 3118; x_wconf 7' lang='grc' dir='ltr'><strong>λ</strong></span> <span class='ocrx_word' id='word_1_160' title='bbox 297 3140 345 3205; x_wconf 93' lang='lat' dir='ltr'>nis</span> <span class='ocrx_word' id='word_1_161' title='bbox 375 3136 521 3221; x_wconf 87' lang='lat' dir='ltr'>purgavit</span> <span class='ocrx_word' id='word_1_162' title='bbox 550 3135 616 3200; x_wconf 88' lang='lat' dir='ltr'>fere</span> <span class='ocrx_word' id='word_1_163' title='bbox 634 3139 739 3202; x_wconf 85' lang='lat' dir='ltr'>critica</span> <span class='ocrx_word' id='word_1_164' title='bbox 762 3140 868 3204; x_wconf 89' lang='lat' dir='ltr'>orbem</span> <span class='ocrx_word' id='word_1_165' title='bbox 896 3133 1073 3216; x_wconf 83' lang='lat' dir='ltr'>eruditum,</span> <span class='ocrx_word' id='word_1_166' title='bbox 1107 3150 1139 3201; x_wconf 90' lang='lat' dir='ltr'>et</span> <span class='ocrx_word' id='word_1_167' title='bbox 1160 3154 1222 3202; x_wconf 89' lang='lat' dir='ltr'>suo</span> 
     </span>
     <span class='ocr_line' id='line_1_25' title="bbox 295 3251 1226 3339; baseline 0 -18"><span class='ocrx_word' id='word_1_168' title='bbox 295 3255 357 3322; x_wconf 91' lang='lat' dir='ltr'>sibi</span> <span class='ocrx_word' id='word_1_169' title='bbox 382 3257 455 3339; x_wconf 86' lang='lat' dir='ltr'>jure</span> <span class='ocrx_word' id='word_1_170' title='bbox 492 3253 525 3316; x_wconf 92' lang='lat' dir='ltr'>in</span> <span class='ocrx_word' id='word_1_171' title='bbox 556 3251 676 3316; x_wconf 88' lang='lat' dir='ltr'>artibus</span> <span class='ocrx_word' id='word_1_172' title='bbox 704 3268 736 3316; x_wconf 92' lang='lat' dir='ltr'>et</span> <span class='ocrx_word' id='word_1_173' title='bbox 773 3255 944 3338; x_wconf 87' lang='lat' dir='ltr'>disciplinis</span> <span class='ocrx_word' id='word_1_174' title='bbox 975 3251 1143 3339; x_wconf 86' lang='lat' dir='ltr'>majoribus</span> <span class='ocrx_word' id='word_1_175' title='bbox 1176 3254 1226 3320; x_wconf 90' lang='lat' dir='ltr'>iu·</span> 
     </span>
     <span class='ocr_line' id='line_1_26' title="bbox 295 3369 1223 3458; baseline 0 -19"><span class='ocrx_word' id='word_1_176' title='bbox 295 3374 413 3458; x_wconf 86' lang='lat' dir='ltr'>signem</span> <span class='ocrx_word' id='word_1_177' title='bbox 452 3370 666 3449; x_wconf 89' lang='lat' dir='ltr'>illustremque</span> <span class='ocrx_word' id='word_1_178' title='bbox 703 3369 807 3431; x_wconf 91' lang='lat' dir='ltr'>locum</span> <span class='ocrx_word' id='word_1_179' title='bbox 848 3371 1027 3435; x_wconf 87' lang='lat' dir='ltr'>vindicavit.</span> <span class='ocrx_word' id='word_1_180' title='bbox 1090 3369 1120 3435; x_wconf 86' lang='lat' dir='ltr'>E</span> <span class='ocrx_word' id='word_1_181' title='bbox 1160 3390 1223 3452; x_wconf 82' lang='lat' dir='ltr'>que</span> 
     </span>
     <span class='ocr_line' id='line_1_27' title="bbox 295 3479 1227 3556; baseline -0.003 0"><span class='ocrx_word' id='word_1_182' title='bbox 295 3490 418 3556; x_wconf 85' lang='lat' dir='ltr'>criticae</span> <span class='ocrx_word' id='word_1_183' title='bbox 442 3507 460 3553; x_wconf 87' lang='lat' dir='ltr'>a</span> <span class='ocrx_word' id='word_1_184' title='bbox 487 3484 646 3551; x_wconf 83' lang='lat' dir='ltr'>dialectici</span> <span class='ocrx_word' id='word_1_185' title='bbox 673 3482 834 3549; x_wconf 83' lang='lat' dir='ltr'>Platonica</span> <span class='ocrx_word' id='word_1_186' title='bbox 855 3479 1034 3548; x_wconf 87' lang='lat' dir='ltr'>diversitate</span> <span class='ocrx_word' id='word_1_187' title='bbox 1054 3486 1091 3550; x_wconf 92' lang='lat' dir='ltr'>ad</span> <span class='ocrx_word' id='word_1_188' title='bbox 1112 3486 1227 3553; x_wconf 89' lang='lat' dir='ltr'>intelli·</span> 
     </span>
    </p>
   </div>
   <div class='ocr_carea' id='block_1_3' title="bbox 274 3578 1445 3811">
    <p class='ocr_par' dir='ltr' id='par_1_4' title="bbox 274 3578 1445 3811">
     <span class='ocr_line' id='line_1_28' title="bbox 295 3578 1445 3689; baseline -0.009 -19"><span class='ocrx_word' id='word_1_189' title='bbox 295 3608 428 3689; x_wconf 81' lang='lat' dir='ltr'>gendum</span> <span class='ocrx_word' id='word_1_190' title='bbox 461 3601 553 3668; x_wconf 88' lang='lat' dir='ltr'>facile</span> <span class='ocrx_word' id='word_1_191' title='bbox 585 3614 654 3682; x_wconf 88' lang='lat' dir='ltr'>cst,</span> <span class='ocrx_word' id='word_1_192' title='bbox 687 3578 944 3682; x_wconf 83' lang='lat' dir='ltr'>quemadmodum</span> <span class='ocrx_word' id='word_1_193' title='bbox 973 3617 1012 3664; x_wconf 89' lang='lat' dir='ltr'>ex</span> <span class='ocrx_word' id='word_1_194' title='bbox 1047 3600 1224 3671; x_wconf 88' lang='lat' dir='ltr'>inveniendi</span> <span class='ocrx_word' id='word_1_195' title='bbox 1329 3593 1333 3597; x_wconf 78' lang='grc'><strong>’</strong></span> <span class='ocrx_word' id='word_1_196' title='bbox 1440 3648 1445 3660; x_wconf 93' lang='grc'><em>,</em></span> 
     </span>
     <span class='ocr_line' id='line_1_29' title="bbox 274 3716 1243 3811; baseline 0.002 -25"><span class='ocrx_word' id='word_1_197' title='bbox 274 3722 348 3788; x_wconf 78' lang='lat' dir='ltr'>illi</span> <span class='ocrx_word' id='word_1_198' title='bbox 379 3720 527 3785; x_wconf 92' lang='lat' dir='ltr'>methodo</span> <span class='ocrx_word' id='word_1_199' title='bbox 555 3718 661 3784; x_wconf 93' lang='lat' dir='ltr'>critica</span> <span class='ocrx_word' id='word_1_200' title='bbox 689 3717 850 3799; x_wconf 86' lang='lat' dir='ltr'>situata,</span> <span class='ocrx_word' id='word_1_201' title='bbox 882 3729 948 3779; x_wconf 90' lang='lat' dir='ltr'>tum</span> <span class='ocrx_word' id='word_1_202' title='bbox 991 3716 1102 3798; x_wconf 91' lang='lat' dir='ltr'>etiam,</span> <span class='ocrx_word' id='word_1_203' title='bbox 1144 3721 1243 3811; x_wconf 46' lang='lat' dir='ltr'>quid„</span> 
     </span>
    </p>
   </div>
   <div class='ocr_carea' id='block_1_4' title="bbox 291 3833 1217 4042">
    <p class='ocr_par' dir='ltr' id='par_1_5' title="bbox 291 3833 1217 4042">
     <span class='ocr_line' id='line_1_30' title="bbox 291 3833 1213 3920; baseline 0 -15"><span class='ocrx_word' id='word_1_204' title='bbox 291 3855 419 3905; x_wconf 90' lang='lat' dir='ltr'>caussae</span> <span class='ocrx_word' id='word_1_205' title='bbox 446 3836 510 3919; x_wconf 90' lang='lat' dir='ltr'>sit,</span> <span class='ocrx_word' id='word_1_206' title='bbox 539 3849 576 3901; x_wconf 94' lang='lat' dir='ltr'>ut</span> <span class='ocrx_word' id='word_1_207' title='bbox 601 3837 640 3901; x_wconf 86' lang='lat' dir='ltr'>ab</span> <span class='ocrx_word' id='word_1_208' title='bbox 668 3834 842 3903; x_wconf 84' lang='lat' dir='ltr'>Aristotele</span> <span class='ocrx_word' id='word_1_209' title='bbox 868 3833 942 3899; x_wconf 89' lang='lat' dir='ltr'>haec</span> <span class='ocrx_word' id='word_1_210' title='bbox 974 3833 1095 3918; x_wconf 83' lang='lat' dir='ltr'>magis,</span> <span class='ocrx_word' id='word_1_211' title='bbox 1125 3856 1213 3920; x_wconf 75' lang='lat' dir='ltr'>quau</span> 
     </span>
     <span class='ocr_line' id='line_1_31' title="bbox 735 3950 1217 4042; baseline 0.015 -26"><span class='ocrx_word' id='word_1_212' title='bbox 735 3950 774 4016; x_wconf 88' lang='lat' dir='ltr'><strong>M</strong></span> <span class='ocrx_word' id='word_1_213' title='bbox 1180 3952 1217 4042; x_wconf 70' lang='lat' dir='ltr'>ai</span> 
     </span>
    </p>
   </div>
   <div class='ocr_carea' id='block_1_5' title="bbox 0 0 1500 5220">
    <p class='ocr_par' dir='ltr' id='par_1_6' title="bbox 0 0 1500 5220">
     <span class='ocr_line' id='line_1_32' title="bbox 0 0 1500 5220; baseline 0 7"><span class='ocrx_word' id='word_1_214' title='bbox 0 0 1500 5220; x_wconf 95' lang='lat' dir='ltr'> </span> 
     </span>
    </p>
   </div>
  </div>
 </body>
</html>
