2992 5220
517 494 715 540 -101-

161 663 293 738 demus,
331 673 368 722 ut
397 656 435 721 ab
470 655 651 721 hominibus
680 668 883 739 usurparetur
912 674 971 740 pro
1006 676 1099 743 gym,

158 776 274 840 nastica
297 776 475 860 secutrix,
512 791 572 855 pro
603 772 753 837 medicina
790 775 977 859 coquinaria
1010 774 1095 857 peri·

156 893 222 971 tia,
246 891 277 956 in
299 891 407 975 plrimis
429 909 505 955 vero
532 888 622 954 etad
644 907 800 953 summum
831 887 968 954 hominis
996 889 1092 954 detri-

156 1023 295 1074 mentum
332 1027 392 1090 pro
421 1006 608 1091 legislatoria
637 1007 793 1071 coleretur
821 1011 984 1091 σοφιςικῆ,
1029 1022 1089 1090 pro

154 1123 276 1206 justitia
296 1128 439 1209 ῥητορικὴ.
462 1121 496 1160 ‘¹‘

197 1240 266 1305 Hac
296 1240 385 1304 Plato
424 1239 624 1306 festivissima
671 1240 886 1324 disputatione
931 1241 1090 1325 vulgarem

157 1352 207 1421 sui
224 1354 291 1420 aevi
316 1371 558 1437 perversamque
578 1357 786 1437 eloquentiam
808 1356 1009 1440 perstrinxita
1029 1355 1093 1424 nec·
1141 1374 1149 1393 ‘
1258 1398 1264 1417 .

156 1489 232 1537 vero
261 1471 402 1555 pepercit
438 1471 470 1536 in
499 1472 607 1537 eodem
638 1473 762 1556 dialogo
797 1473 966 1556 superioris
999 1475 1092 1544 etiam

155 1586 271 1653 saeculi
299 1587 498 1666 oratoribus,
531 1587 694 1668 Miltiadi,
726 1587 957 1670 Themistocli,
980 1590 1093 1657 Cimo·

69 1766 77 1779 ,
154 1703 212 1782 ni,
245 1721 286 1769 ne
315 1703 377 1785 ipsi
402 1703 479 1769 adeo
506 1703 640 1783 Pericli,
672 1722 766 1785 quem
795 1705 828 1769 in
853 1705 994 1771 Phaedro
1023 1709 1091 1773 lau·

153 1819 289 1885 (laverat.
333 1819 431 1904 Quod
462 1834 498 1882 ut
527 1820 599 1900 quis
622 1819 751 1884 miratur
768 1817 875 1901 forte,
897 1823 1005 1888 mirata
1024 1840 1091 1889 cer·

82 1952 84 1958 ·
156 1949 274 2001 terem
302 1933 470 2014 antiquitas
504 1950 576 2013 est,
599 1935 642 1998 ita
665 1953 849 2015 quaeramus
874 1956 1002 2004 neccsse
1019 1954 1091 2021 est,

157 2070 238 2134 quae
270 2050 392 2145 tandem
422 2050 473 2114 illa
499 2051 678 2132 eloquentia
708 2052 771 2131 sit,
795 2070 911 2134 quam,
933 2053 972 2119 de
990 2052 1090 2136 ipsius

157 2169 334 2249 sententia,
357 2183 514 2233 oratorum
530 2169 630 2232 adhuc
653 2168 807 2252 attigisset
832 2187 937 2236 nemo,
981 2169 1090 2256 Vulgo

129 2283 228 2353 ‘duci
257 2302 414 2350 oratorum
442 2285 634 2367 vituperatio
664 2285 737 2367 illa,
770 2304 862 2365 quam
892 2287 963 2352 data
993 2290 1090 2370 opera

155 2401 350 2469 orationibus
382 2399 529 2465 refutavit
559 2400 715 2464 Aristides
757 2400 904 2479 eretor,
937 2419 977 2467 cx
1012 2403 1087 2468 odio

153 2516 292 2585 Platonis
325 2515 358 2580 in
389 2515 537 2597 politicos
567 2514 653 2580 viros
686 2517 789 2596 solet;
831 2534 890 2599 ego
918 2535 994 2582 vero
1022 2537 1086 2584 rem

155 2637 262 2720 paullo
289 2635 382 2699 altius
414 2649 447 2699 et
476 2651 515 2698 ex
545 2633 623 2716 ipsIs
660 2632 836 2698 Platonicae
866 2633 1086 2717 philosophiae

155 2751 318 2836 principiis
349 2763 496 2831 repetam.
561 2748 656 2813 Haud
687 2747 754 2813 aliis
785 2748 928 2828 equidem
966 2748 1087 2814 caussis

155 2870 283 2946 tribuo,
316 2867 403 2948 quod
431 2864 725 2948 praestantissimos.
748 2864 807 2927 hos
831 2878 969 2928 oratores
1003 2864 1088 2929 vitu-

154 2985 276 3071 peravit
309 2983 542 3066 philosophus,
580 3001 672 3061 qaam
701 2980 810 3046 iisdem
841 2980 926 3059 illis,
969 2979 1086 3061 quibus

153 3103 329 3180 adductus,
373 3100 405 3164 in
442 3099 598 3164 civitatem
639 3116 704 3163 non
743 3098 865 3163 admisit
897 3097 1085 3164 Homerum.

154 3221 251 3306 Quod
278 3238 343 3301 quo
365 3218 557 3299 dilige-atius
575 3216 865 3295 exploraverimus,
889 3213 931 3277 lta
955 3214 994 3278 de
1016 3232 1087 3296 per·

153 3331 238 3398 fecto
262 3345 386 3395 oratore
408 3328 547 3392 Platonis
571 3327 818 3391 existimabimus
841 3327 959 3391 verius.

94 3445 103 3461 ⁸
198 3446 384 3512 Audivimus
414 3442 587 3524 Gorgiam,
621 3442 699 3520 qui,
732 3460 823 3521 quam
858 3441 970 3519 inane,
992 3461 1084 3522 quam

154 3561 273 3628 homini
301 3558 512 3642 pemiciosutn
545 3570 648 3634 esset,
692 3574 756 3637 quo
790 3556 982 3637 ducebatur,
1021 3563 1088 3626 elo-

155 3681 298 3764 quentiae
324 3676 484 3754 studium,
517 3693 534 3739 a
563 3672 691 3737 Socrate
719 3686 845 3736 coactus
875 3688 923 3738 est
952 3675 1085 3742 confite·

155 3799 199 3878 τῆς
232 3814 315 3863 nunc
340 3792 498 3861 Calliclem
527 3791 707 3869 audiamus,
741 3790 794 3871 qai
823 3795 879 3857 sui
911 3808 1025 3876 sponte
1051 3793 1082 3858 in

169 3898 175 3903 ’
476 3908 480 3917 '
1014 3909 1086 3991 phi·

194 4044 235 4113 (a)
255 4041 338 4112 Gorg.
355 4045 406 4101 464
425 4046 454 4099 Β.
