<?xml version="1.0" encoding="UTF-8"?>
<!DOCTYPE html PUBLIC "-//W3C//DTD XHTML 1.0 Transitional//EN"
    "http://www.w3.org/TR/xhtml1/DTD/xhtml1-transitional.dtd">
<html xmlns="http://www.w3.org/1999/xhtml" xml:lang="en" lang="en">
 <head>
  <title>
</title>
<meta http-equiv="Content-Type" content="text/html;charset=utf-8" />
  <meta name='ocr-system' content='tesseract 3.04.00' />
  <meta name='ocr-capabilities' content='ocr_page ocr_carea ocr_par ocr_line ocrx_word'/>
</head>
<body>
  <div class='ocr_page' id='page_1' title='image "./initiaphilosoph01heusgoog_0409.png"; bbox 0 0 2992 5220; ppageno 0'>
   <div class='ocr_carea' id='block_1_1' title="bbox 671 460 863 530">
    <p class='ocr_par' dir='ltr' id='par_1_1' title="bbox 671 460 863 530">
     <span class='ocr_line' id='line_1_1' title="bbox 671 460 863 530; baseline 0.005 -32"><span class='ocrx_word' id='word_1_1' title='bbox 671 460 863 530; x_wconf 75' lang='lat' dir='ltr'>-ns-</span> 
     </span>
    </p>
   </div>
   <div class='ocr_carea' id='block_1_2' title="bbox 290 620 1231 1409">
    <p class='ocr_par' dir='ltr' id='par_1_2' title="bbox 290 620 1231 1409">
     <span class='ocr_line' id='line_1_2' title="bbox 297 620 1231 719; baseline 0 -27"><span class='ocrx_word' id='word_1_2' title='bbox 297 635 388 705; x_wconf 75' lang='lat' dir='ltr'>rent,</span> <span class='ocrx_word' id='word_1_3' title='bbox 419 622 570 691; x_wconf 80' lang='lat' dir='ltr'>noscendo</span> <span class='ocrx_word' id='word_1_4' title='bbox 596 625 684 693; x_wconf 85' lang='lat' dir='ltr'>tlunt</span> <span class='ocrx_word' id='word_1_5' title='bbox 712 626 905 710; x_wconf 79' lang='lat' dir='ltr'>explentque</span> <span class='ocrx_word' id='word_1_6' title='bbox 933 620 1121 707; x_wconf 74' lang='lat' dir='ltr'>exquirendi</span> <span class='ocrx_word' id='word_1_7' title='bbox 1152 638 1231 719; x_wconf 60' lang='lat' dir='ltr'>cop,</span> 
     </span>
     <span class='ocr_line' id='line_1_3' title="bbox 295 740 1229 826; baseline 0.003 -22"><span class='ocrx_word' id='word_1_8' title='bbox 295 740 510 822; x_wconf 88' lang='lat' dir='ltr'>noscendique</span> <span class='ocrx_word' id='word_1_9' title='bbox 530 740 670 808; x_wconf 86' lang='lat' dir='ltr'>studium</span> <span class='ocrx_word' id='word_1_10' title='bbox 699 741 856 826; x_wconf 79' lang='lat' dir='ltr'>principes</span> <span class='ocrx_word' id='word_1_11' title='bbox 880 740 1046 809; x_wconf 85' lang='lat' dir='ltr'><strong>historici:</strong></span> <span class='ocrx_word' id='word_1_12' title='bbox 1080 741 1142 808; x_wconf 91' lang='lat' dir='ltr'>hoc</span> <span class='ocrx_word' id='word_1_13' title='bbox 1162 762 1229 811; x_wconf 62' lang='lat' dir='ltr'>ser.</span> 
     </span>
     <span class='ocr_line' id='line_1_4' title="bbox 295 856 1226 941; baseline 0.009 -21"><span class='ocrx_word' id='word_1_14' title='bbox 295 857 444 922; x_wconf 85' lang='lat' dir='ltr'>monibus</span> <span class='ocrx_word' id='word_1_15' title='bbox 460 871 492 924; x_wconf 91' lang='lat' dir='ltr'>et</span> <span class='ocrx_word' id='word_1_16' title='bbox 509 857 728 940; x_wconf 77' lang='lat' dir='ltr'>orationibus,</span> <span class='ocrx_word' id='word_1_17' title='bbox 748 858 827 923; x_wconf 89' lang='lat' dir='ltr'>illud</span> <span class='ocrx_word' id='word_1_18' title='bbox 844 857 1029 925; x_wconf 83' lang='lat' dir='ltr'>excursibus</span> <span class='ocrx_word' id='word_1_19' title='bbox 1045 856 1226 941; x_wconf 84' lang='lat' dir='ltr'>perficiunt.</span> 
     </span>
     <span class='ocr_line' id='line_1_5' title="bbox 293 971 1227 1061; baseline -0.011 -14"><span class='ocrx_word' id='word_1_20' title='bbox 293 979 536 1061; x_wconf 67' lang='lat' dir='ltr'>&#39;opseredrcroc</span> <span class='ocrx_word' id='word_1_21' title='bbox 566 975 664 1058; x_wconf 82' lang='lat' dir='ltr'>vulgo</span> <span class='ocrx_word' id='word_1_22' title='bbox 690 973 874 1039; x_wconf 88' lang='lat' dir='ltr'>Herodotus</span> <span class='ocrx_word' id='word_1_23' title='bbox 905 971 1040 1055; x_wconf 91' lang='lat' dir='ltr'>dicitur,</span> <span class='ocrx_word' id='word_1_24' title='bbox 1071 987 1138 1037; x_wconf 92' lang='lat' dir='ltr'>non</span> <span class='ocrx_word' id='word_1_25' title='bbox 1156 990 1227 1037; x_wconf 86' lang='lat' dir='ltr'>ver·</span> 
     </span>
     <span class='ocr_line' id='line_1_6' title="bbox 292 1063 1230 1173; baseline -0.002 -15"><span class='ocrx_word' id='word_1_26' title='bbox 292 1091 407 1158; x_wconf 88' lang='lat' dir='ltr'>borum</span> <span class='ocrx_word' id='word_1_27' title='bbox 440 1094 552 1160; x_wconf 73' lang='lat' dir='ltr'>mussi</span> <span class='ocrx_word' id='word_1_28' title='bbox 582 1090 778 1173; x_wconf 81' lang='lat' dir='ltr'>quorundum</span> <span class='ocrx_word' id='word_1_29' title='bbox 822 1103 878 1155; x_wconf 81' lang='lat' dir='ltr'>eut</span> <span class='ocrx_word' id='word_1_30' title='bbox 902 1075 1105 1171; x_wconf 79' lang='lat' dir='ltr'>dictionum,</span> <span class='ocrx_word' id='word_1_31' title='bbox 1147 1063 1230 1170; x_wconf 78' lang='lat' dir='ltr'>quau</span> 
     </span>
     <span class='ocr_line' id='line_1_7' title="bbox 291 1206 1227 1297; baseline -0.004 -22"><span class='ocrx_word' id='word_1_32' title='bbox 291 1209 367 1275; x_wconf 85' lang='lat' dir='ltr'>item</span> <span class='ocrx_word' id='word_1_33' title='bbox 393 1209 477 1291; x_wconf 80' lang='lat' dir='ltr'>opud</span> <span class='ocrx_word' id='word_1_34' title='bbox 503 1207 676 1291; x_wconf 82' lang='lat' dir='ltr'>principem</span> <span class='ocrx_word' id='word_1_35' title='bbox 706 1207 790 1272; x_wconf 88' lang='lat' dir='ltr'>hunc</span> <span class='ocrx_word' id='word_1_36' title='bbox 818 1206 1015 1289; x_wconf 86' lang='lat' dir='ltr'>reperiuntur</span> <span class='ocrx_word' id='word_1_37' title='bbox 1036 1210 1227 1297; x_wconf 71' lang='lat' dir='ltr'>poctarum,</span> 
     </span>
     <span class='ocr_line' id='line_1_8' title="bbox 290 1320 1225 1409; baseline -0.005 -17"><span class='ocrx_word' id='word_1_38' title='bbox 290 1343 349 1393; x_wconf 81' lang='lat' dir='ltr'>nnc</span> <span class='ocrx_word' id='word_1_39' title='bbox 374 1343 451 1393; x_wconf 76' lang='lat' dir='ltr'>veto</span> <span class='ocrx_word' id='word_1_40' title='bbox 474 1340 609 1409; x_wconf 86' lang='lat' dir='ltr'>propter</span> <span class='ocrx_word' id='word_1_41' title='bbox 638 1324 852 1409; x_wconf 85' lang='lat' dir='ltr'>episodiorum</span> <span class='ocrx_word' id='word_1_42' title='bbox 882 1320 973 1388; x_wconf 84' lang='lat' dir='ltr'>unice</span> <span class='ocrx_word' id='word_1_43' title='bbox 993 1340 1025 1391; x_wconf 91' lang='lat' dir='ltr'>et</span> <span class='ocrx_word' id='word_1_44' title='bbox 1047 1321 1225 1405; x_wconf 75' lang='lat' dir='ltr'>colloquio·¹</span> 
     </span>
    </p>
   </div>
   <div class='ocr_carea' id='block_1_3' title="bbox 287 1438 1355 1641">
    <p class='ocr_par' dir='ltr' id='par_1_3' title="bbox 287 1438 1355 1641">
     <span class='ocr_line' id='line_1_9' title="bbox 288 1438 1355 1524; baseline -0.005 -16"><span class='ocrx_word' id='word_1_45' title='bbox 288 1460 384 1524; x_wconf 79' lang='lat' dir='ltr'>rtem,</span> <span class='ocrx_word' id='word_1_46' title='bbox 415 1460 497 1524; x_wconf 82' lang='lat' dir='ltr'>quae</span> <span class='ocrx_word' id='word_1_47' title='bbox 516 1440 601 1524; x_wconf 83' lang='lat' dir='ltr'>tpu&#39;d</span> <span class='ocrx_word' id='word_1_48' title='bbox 614 1453 795 1519; x_wconf 65' lang='lat' dir='ltr'>,utrumque</span> <span class='ocrx_word' id='word_1_49' title='bbox 817 1453 965 1521; x_wconf 83' lang='lat' dir='ltr'>exstant,</span> <span class='ocrx_word' id='word_1_50' title='bbox 995 1438 1222 1523; x_wconf 70' lang='lat' dir='ltr'>frequentium</span> <span class='ocrx_word' id='word_1_51' title='bbox 1351 1440 1355 1450; x_wconf 77' lang='grc'><em>’</em></span> 
     </span>
     <span class='ocr_line' id='line_1_10' title="bbox 287 1554 1349 1641; baseline -0.008 -14"><span class='ocrx_word' id='word_1_52' title='bbox 287 1559 345 1627; x_wconf 83' lang='lat' dir='ltr'>sed</span> <span class='ocrx_word' id='word_1_53' title='bbox 360 1571 529 1641; x_wconf 77' lang='lat' dir='ltr'>propterca</span> <span class='ocrx_word' id='word_1_54' title='bbox 543 1555 731 1638; x_wconf 80' lang='lat' dir='ltr'>praecipue,</span> <span class='ocrx_word' id='word_1_55' title='bbox 754 1554 841 1637; x_wconf 90' lang='lat' dir='ltr'>quod</span> <span class='ocrx_word' id='word_1_56' title='bbox 856 1568 918 1622; x_wconf 81' lang='lat' dir='ltr'>tarn</span> <span class='ocrx_word' id='word_1_57' title='bbox 937 1555 1104 1638; x_wconf 77' lang='lat' dir='ltr'>historiae,</span> <span class='ocrx_word' id='word_1_58' title='bbox 1126 1573 1221 1638; x_wconf 85' lang='lat' dir='ltr'>quem</span> <span class='ocrx_word' id='word_1_59' title='bbox 1345 1604 1349 1611; x_wconf 87' lang='lat'><strong><em>.</em></strong></span> 
     </span>
    </p>
   </div>
   <div class='ocr_carea' id='block_1_4' title="bbox 285 1669 1313 2231">
    <p class='ocr_par' dir='ltr' id='par_1_4' title="bbox 285 1669 1313 2231">
     <span class='ocr_line' id='line_1_11' title="bbox 287 1669 1313 1759; baseline -0.004 -19"><span class='ocrx_word' id='word_1_60' title='bbox 287 1676 424 1759; x_wconf 72' lang='lat' dir='ltr'>poeseos</span> <span class='ocrx_word' id='word_1_61' title='bbox 454 1688 567 1755; x_wconf 81' lang='lat' dir='ltr'>perotus</span> <span class='ocrx_word' id='word_1_62' title='bbox 601 1669 785 1753; x_wconf 81' lang='lat' dir='ltr'>ctulyticsm</span> <span class='ocrx_word' id='word_1_63' title='bbox 818 1684 947 1736; x_wconf 80' lang='lat' dir='ltr'>secuttm</span> <span class='ocrx_word' id='word_1_64' title='bbox 981 1671 1158 1754; x_wconf 84' lang='lat' dir='ltr'>rationem,</span> <span class='ocrx_word' id='word_1_65' title='bbox 1187 1671 1224 1737; x_wconf 91' lang='lat' dir='ltr'>in</span> <span class='ocrx_word' id='word_1_66' title='bbox 1311 1676 1313 1681; x_wconf 82' lang='grc'><strong>’</strong></span> 
     </span>
     <span class='ocr_line' id='line_1_12' title="bbox 288 1758 1253 1869; baseline -0.003 -12"><span class='ocrx_word' id='word_1_67' title='bbox 288 1789 405 1857; x_wconf 82' lang='lat' dir='ltr'>medios</span> <span class='ocrx_word' id='word_1_68' title='bbox 424 1807 485 1854; x_wconf 90' lang='lat' dir='ltr'>nos</span> <span class='ocrx_word' id='word_1_69' title='bbox 506 1804 556 1854; x_wconf 88' lang='lat' dir='ltr'>res</span> <span class='ocrx_word' id='word_1_70' title='bbox 578 1789 659 1869; x_wconf 83' lang='lat' dir='ltr'>rapit</span> <span class='ocrx_word' id='word_1_71' title='bbox 676 1787 854 1869; x_wconf 91' lang='lat' dir='ltr'>continuo,</span> <span class='ocrx_word' id='word_1_72' title='bbox 875 1800 944 1852; x_wconf 92' lang='lat' dir='ltr'>tum</span> <span class='ocrx_word' id='word_1_73' title='bbox 959 1800 1113 1852; x_wconf 85' lang='lat' dir='ltr'>monstrat</span> <span class='ocrx_word' id='word_1_74' title='bbox 1126 1788 1221 1855; x_wconf 86' lang='lat' dir='ltr'>nobis</span> <span class='ocrx_word' id='word_1_75' title='bbox 1246 1758 1253 1775; x_wconf 47' lang='lat'><em>⁶</em></span> 
     </span>
     <span class='ocr_line' id='line_1_13' title="bbox 286 1901 1285 1990; baseline -0.013 -14"><span class='ocrx_word' id='word_1_76' title='bbox 286 1922 320 1976; x_wconf 86' lang='lat' dir='ltr'>et</span> <span class='ocrx_word' id='word_1_77' title='bbox 343 1906 476 1990; x_wconf 83' lang='lat' dir='ltr'>explicat</span> <span class='ocrx_word' id='word_1_78' title='bbox 499 1904 621 1990; x_wconf 82' lang='lat' dir='ltr'>singula</span> <span class='ocrx_word' id='word_1_79' title='bbox 644 1905 824 1970; x_wconf 86' lang='lat' dir='ltr'>identidem.</span> <span class='ocrx_word' id='word_1_80' title='bbox 867 1903 1012 1984; x_wconf 88' lang='lat' dir='ltr'>Uterque</span> <span class='ocrx_word' id='word_1_81' title='bbox 1031 1901 1069 1969; x_wconf 86' lang='lat' dir='ltr'>ab</span> <span class='ocrx_word' id='word_1_82' title='bbox 1088 1903 1237 1969; x_wconf 62' lang='lat' dir='ltr'>exordior</span> <span class='ocrx_word' id='word_1_83' title='bbox 1278 1947 1285 1963; x_wconf 94' lang='lat'><strong>.</strong></span> 
     </span>
     <span class='ocr_line' id='line_1_14' title="bbox 286 2018 1221 2102; baseline -0.005 -11"><span class='ocrx_word' id='word_1_84' title='bbox 286 2024 360 2092; x_wconf 89' lang='lat' dir='ltr'>inde</span> <span class='ocrx_word' id='word_1_85' title='bbox 383 2023 497 2090; x_wconf 79' lang='lat' dir='ltr'>excitet</span> <span class='ocrx_word' id='word_1_86' title='bbox 520 2022 553 2087; x_wconf 92' lang='lat' dir='ltr'>in</span> <span class='ocrx_word' id='word_1_87' title='bbox 572 2021 666 2087; x_wconf 91' lang='lat' dir='ltr'>nobis</span> <span class='ocrx_word' id='word_1_88' title='bbox 688 2018 866 2102; x_wconf 89' lang='lat' dir='ltr'>inquirendi</span> <span class='ocrx_word' id='word_1_89' title='bbox 894 2019 1052 2086; x_wconf 81' lang='lat' dir='ltr'>studium:</span> <span class='ocrx_word' id='word_1_90' title='bbox 1098 2018 1221 2102; x_wconf 76' lang='lat' dir='ltr'>quaerit</span> 
     </span>
     <span class='ocr_line' id='line_1_15' title="bbox 285 2137 1216 2231; baseline -0.003 -22"><span class='ocrx_word' id='word_1_91' title='bbox 285 2141 444 2210; x_wconf 87' lang='lat' dir='ltr'>continuo·</span> <span class='ocrx_word' id='word_1_92' title='bbox 460 2158 587 2207; x_wconf 81' lang='lat' dir='ltr'>caussos</span> <span class='ocrx_word' id='word_1_93' title='bbox 608 2157 732 2218; x_wconf 88' lang='lat' dir='ltr'>rerum,</span> <span class='ocrx_word' id='word_1_94' title='bbox 754 2153 791 2204; x_wconf 91' lang='lat' dir='ltr'>ut</span> <span class='ocrx_word' id='word_1_95' title='bbox 812 2137 905 2204; x_wconf 89' lang='lat' dir='ltr'>initio</span> <span class='ocrx_word' id='word_1_96' title='bbox 927 2137 1105 2206; x_wconf 80' lang='lat' dir='ltr'>Homerus:</span> <span class='ocrx_word' id='word_1_97' title='bbox 1213 2220 1216 2231; x_wconf 33' lang='grc' dir='ltr'>Ι</span> 
     </span>
    </p>
   </div>
   <div class='ocr_carea' id='block_1_5' title="bbox 368 2371 1240 2479">
    <p class='ocr_par' dir='ltr' id='par_1_5' title="bbox 368 2371 1240 2479">
     <span class='ocr_line' id='line_1_16' title="bbox 368 2371 1240 2479; baseline 0.05 -50"><span class='ocrx_word' id='word_1_98' title='bbox 368 2380 426 2455; x_wconf 72' lang='lat' dir='ltr'>Th</span> <span class='ocrx_word' id='word_1_99' title='bbox 445 2376 526 2461; x_wconf 64' lang='grc' dir='ltr'>ς’ὶρ</span> <span class='ocrx_word' id='word_1_100' title='bbox 546 2383 631 2462; x_wconf 73' lang='grc' dir='ltr'>σφῶε</span> <span class='ocrx_word' id='word_1_101' title='bbox 652 2377 721 2444; x_wconf 72' lang='lat' dir='ltr'>tres</span> <span class='ocrx_word' id='word_1_102' title='bbox 741 2374 808 2457; x_wconf 70' lang='grc' dir='ltr'><strong><em>ἔριδι</em></strong></span> <span class='ocrx_word' id='word_1_103' title='bbox 829 2375 950 2456; x_wconf 57' lang='lat' dir='ltr'>fusim</span> <span class='ocrx_word' id='word_1_104' title='bbox 969 2371 1194 2459; x_wconf 52' lang='grc' dir='ltr'>μᾶκεσθωὸω</span> <span class='ocrx_word' id='word_1_105' title='bbox 1224 2411 1240 2479; x_wconf 47' lang='lat'>⁴,</span> 
     </span>
    </p>
   </div>
   <div class='ocr_carea' id='block_1_6' title="bbox 279 2604 1216 2807">
    <p class='ocr_par' dir='ltr' id='par_1_6' title="bbox 279 2604 1216 2807">
     <span class='ocr_line' id='line_1_17' title="bbox 322 2604 1216 2692; baseline -0.004 -13"><span class='ocrx_word' id='word_1_106' title='bbox 322 2608 394 2679; x_wconf 79' lang='lat' dir='ltr'>Pari</span> <span class='ocrx_word' id='word_1_107' title='bbox 414 2606 600 2692; x_wconf 75' lang='lat' dir='ltr'>quaestione</span> <span class='ocrx_word' id='word_1_108' title='bbox 617 2607 802 2673; x_wconf 85' lang='lat' dir='ltr'>Herodotus</span> <span class='ocrx_word' id='word_1_109' title='bbox 818 2604 961 2674; x_wconf 80' lang='lat' dir='ltr'>Graecos</span> <span class='ocrx_word' id='word_1_110' title='bbox 988 2606 1082 2673; x_wconf 88' lang='lat' dir='ltr'>nobis</span> <span class='ocrx_word' id='word_1_111' title='bbox 1107 2606 1216 2675; x_wconf 81' lang='lat' dir='ltr'>barbo·</span> 
     </span>
     <span class='ocr_line' id='line_1_18' title="bbox 279 2720 1215 2807; baseline -0.004 -15"><span class='ocrx_word' id='word_1_112' title='bbox 279 2742 401 2807; x_wconf 85' lang='lat' dir='ltr'>tosque</span> <span class='ocrx_word' id='word_1_113' title='bbox 422 2722 665 2804; x_wconf 80' lang='lat' dir='ltr'>cottsidcrondos</span> <span class='ocrx_word' id='word_1_114' title='bbox 688 2720 860 2805; x_wconf 91' lang='lat' dir='ltr'>proponit,</span> <span class='ocrx_word' id='word_1_115' title='bbox 895 2735 931 2787; x_wconf 88' lang='lat' dir='ltr'>ut</span> <span class='ocrx_word' id='word_1_116' title='bbox 957 2722 1092 2805; x_wconf 85' lang='lat' dir='ltr'>explicet</span> <span class='ocrx_word' id='word_1_117' title='bbox 1119 2723 1215 2788; x_wconf 87' lang='lat' dir='ltr'>nobis</span> 
     </span>
    </p>
   </div>
   <div class='ocr_carea' id='block_1_7' title="bbox 274 2815 1347 2926">
    <p class='ocr_par' dir='ltr' id='par_1_7' title="bbox 274 2815 1347 2926">
     <span class='ocr_line' id='line_1_19' title="bbox 274 2815 1347 2926; baseline 0.032 -36"><span class='ocrx_word' id='word_1_118' title='bbox 274 2843 450 2926; x_wconf 66' lang='lat' dir='ltr'>deinceps,</span> <span class='ocrx_word' id='word_1_119' title='bbox 463 2840 550 2922; x_wconf 91' lang='lat' dir='ltr'>quod</span> <span class='ocrx_word' id='word_1_120' title='bbox 561 2836 920 2919; x_wconf 77' lang='lat' dir='ltr'>maximefecturusest,</span> <span class='ocrx_word' id='word_1_121' title='bbox 941 2838 1021 2904; x_wconf 86' lang='lat' dir='ltr'>bellu</span> <span class='ocrx_word' id='word_1_122' title='bbox 1037 2840 1171 2906; x_wconf 80' lang='lat' dir='ltr'>Persica.</span> <span class='ocrx_word' id='word_1_123' title='bbox 1179 2815 1217 2915; x_wconf 35' lang='grc' dir='ltr'>(θ’.</span> <span class='ocrx_word' id='word_1_124' title='bbox 1343 2841 1347 2847; x_wconf 60' lang='grc'><strong>’</strong></span> 
     </span>
    </p>
   </div>
   <div class='ocr_carea' id='block_1_8' title="bbox 256 2954 1218 4102">
    <p class='ocr_par' dir='ltr' id='par_1_8' title="bbox 256 2954 1218 3955">
     <span class='ocr_line' id='line_1_20' title="bbox 277 2954 1218 3040; baseline -0.003 -15"><span class='ocrx_word' id='word_1_125' title='bbox 277 2955 452 3040; x_wconf 78' lang='lat' dir='ltr'>Puedtgogi</span> <span class='ocrx_word' id='word_1_126' title='bbox 476 2972 609 3037; x_wconf 88' lang='lat' dir='ltr'>uterque</span> <span class='ocrx_word' id='word_1_127' title='bbox 631 2955 731 3021; x_wconf 87' lang='lat' dir='ltr'>instar</span> <span class='ocrx_word' id='word_1_128' title='bbox 754 2955 838 3037; x_wconf 83' lang='lat' dir='ltr'>apud</span> <span class='ocrx_word' id='word_1_129' title='bbox 855 2954 1058 3036; x_wconf 85' lang='lat' dir='ltr'>Euripidem,</span> <span class='ocrx_word' id='word_1_130' title='bbox 1079 2969 1116 3020; x_wconf 92' lang='lat' dir='ltr'>ut</span> <span class='ocrx_word' id='word_1_131' title='bbox 1137 2955 1218 3022; x_wconf 90' lang='lat' dir='ltr'>vidi·</span> 
     </span>
     <span class='ocr_line' id='line_1_21' title="bbox 278 3069 1212 3156; baseline 0 -17"><span class='ocrx_word' id='word_1_132' title='bbox 278 3091 381 3151; x_wconf 66' lang='lat' dir='ltr'>mus„</span> <span class='ocrx_word' id='word_1_133' title='bbox 399 3088 471 3135; x_wconf 91' lang='lat' dir='ltr'>eum</span> <span class='ocrx_word' id='word_1_134' title='bbox 500 3085 561 3134; x_wconf 91' lang='lat' dir='ltr'>nos</span> <span class='ocrx_word' id='word_1_135' title='bbox 585 3070 619 3134; x_wconf 90' lang='lat' dir='ltr'>in</span> <span class='ocrx_word' id='word_1_136' title='bbox 644 3074 748 3137; x_wconf 90' lang='lat' dir='ltr'>locum</span> <span class='ocrx_word' id='word_1_137' title='bbox 777 3069 903 3150; x_wconf 90' lang='lat' dir='ltr'>educit,</span> <span class='ocrx_word' id='word_1_138' title='bbox 926 3070 1009 3136; x_wconf 92' lang='lat' dir='ltr'>unde</span> <span class='ocrx_word' id='word_1_139' title='bbox 1033 3085 1212 3156; x_wconf 81' lang='lat' dir='ltr'>spectemus</span> 
     </span>
     <span class='ocr_line' id='line_1_22' title="bbox 277 3184 1214 3273; baseline 0.003 -19"><span class='ocrx_word' id='word_1_140' title='bbox 277 3188 341 3273; x_wconf 87' lang='lat' dir='ltr'>ipsi</span> <span class='ocrx_word' id='word_1_141' title='bbox 363 3184 489 3252; x_wconf 78' lang='lat' dir='ltr'>omnint</span> <span class='ocrx_word' id='word_1_142' title='bbox 533 3185 610 3265; x_wconf 88' lang='lat' dir='ltr'>vel,</span> <span class='ocrx_word' id='word_1_143' title='bbox 633 3199 669 3249; x_wconf 91' lang='lat' dir='ltr'>ut</span> <span class='ocrx_word' id='word_1_144' title='bbox 687 3187 772 3268; x_wconf 86' lang='lat' dir='ltr'>opud</span> <span class='ocrx_word' id='word_1_145' title='bbox 794 3188 899 3271; x_wconf 90' lang='lat' dir='ltr'>ipsum</span> <span class='ocrx_word' id='word_1_146' title='bbox 919 3187 1094 3255; x_wconf 77' lang='lat' dir='ltr'>Homerum</span> <span class='ocrx_word' id='word_1_147' title='bbox 1117 3189 1214 3257; x_wconf 89' lang='lat' dir='ltr'>Hele·</span> 
     </span>
     <span class='ocr_line' id='line_1_23' title="bbox 256 3294 1213 3387; baseline 0.004 -17"><span class='ocrx_word' id='word_1_148' title='bbox 256 3294 340 3387; x_wconf 76' lang='lat' dir='ltr'>nn,</span> <span class='ocrx_word' id='word_1_149' title='bbox 360 3303 483 3371; x_wconf 79' lang='lat' dir='ltr'>Priene</span> <span class='ocrx_word' id='word_1_150' title='bbox 512 3300 708 3383; x_wconf 86' lang='lat' dir='ltr'>senibusque</span> <span class='ocrx_word' id='word_1_151' title='bbox 730 3300 878 3385; x_wconf 75' lang='lat' dir='ltr'>TroJonis</span> <span class='ocrx_word' id='word_1_152' title='bbox 908 3305 941 3370; x_wconf 90' lang='lat' dir='ltr'>iu</span> <span class='ocrx_word' id='word_1_153' title='bbox 970 3305 1136 3373; x_wconf 89' lang='lat' dir='ltr'>moenibus</span> <span class='ocrx_word' id='word_1_154' title='bbox 1161 3294 1213 3374; x_wconf 41' lang='lat' dir='ltr'>uss</span> 
     </span>
     <span class='ocr_line' id='line_1_24' title="bbox 275 3417 1214 3504; baseline -0.001 -14"><span class='ocrx_word' id='word_1_155' title='bbox 275 3422 408 3503; x_wconf 69' lang='lat' dir='ltr'>iners,</span> <span class='ocrx_word' id='word_1_156' title='bbox 434 3417 651 3502; x_wconf 76' lang='lat' dir='ltr'>spectantibus</span> <span class='ocrx_word' id='word_1_157' title='bbox 678 3417 741 3484; x_wconf 90' lang='lat' dir='ltr'>illis</span> <span class='ocrx_word' id='word_1_158' title='bbox 770 3417 884 3483; x_wconf 86' lang='lat' dir='ltr'>indicat</span> <span class='ocrx_word' id='word_1_159' title='bbox 917 3418 1041 3504; x_wconf 82' lang='lat' dir='ltr'>singula</span> <span class='ocrx_word' id='word_1_160' title='bbox 1068 3436 1102 3488; x_wconf 92' lang='lat' dir='ltr'>et</span> <span class='ocrx_word' id='word_1_161' title='bbox 1126 3440 1214 3489; x_wconf 85' lang='lat' dir='ltr'>eutr·</span> 
     </span>
     <span class='ocr_line' id='line_1_25' title="bbox 274 3533 1209 3622; baseline -0.004 -15"><span class='ocrx_word' id='word_1_162' title='bbox 274 3552 345 3607; x_wconf 78' lang='lat' dir='ltr'>ectr</span> <span class='ocrx_word' id='word_1_163' title='bbox 388 3536 438 3603; x_wconf 87' lang='lat' dir='ltr'>sic</span> <span class='ocrx_word' id='word_1_164' title='bbox 465 3538 559 3622; x_wconf 79' lang='lat' dir='ltr'>plane</span> <span class='ocrx_word' id='word_1_165' title='bbox 583 3534 767 3600; x_wconf 89' lang='lat' dir='ltr'>Herodotus</span> <span class='ocrx_word' id='word_1_166' title='bbox 798 3533 905 3598; x_wconf 89' lang='lat' dir='ltr'>orbern</span> <span class='ocrx_word' id='word_1_167' title='bbox 939 3533 1033 3600; x_wconf 90' lang='lat' dir='ltr'>nobis</span> <span class='ocrx_word' id='word_1_168' title='bbox 1059 3548 1209 3608; x_wconf 82' lang='lat' dir='ltr'>terrarum</span> 
     </span>
     <span class='ocr_line' id='line_1_26' title="bbox 274 3651 1210 3741; baseline 0.001 -21"><span class='ocrx_word' id='word_1_169' title='bbox 274 3653 401 3741; x_wconf 77' lang='lat' dir='ltr'>sperit,</span> <span class='ocrx_word' id='word_1_170' title='bbox 421 3668 457 3720; x_wconf 87' lang='lat' dir='ltr'>ut</span> <span class='ocrx_word' id='word_1_171' title='bbox 480 3651 647 3720; x_wconf 83' lang='lat' dir='ltr'>eGreecio</span> <span class='ocrx_word' id='word_1_172' title='bbox 669 3669 730 3716; x_wconf 88' lang='lat' dir='ltr'>nos</span> <span class='ocrx_word' id='word_1_173' title='bbox 754 3651 788 3717; x_wconf 89' lang='lat' dir='ltr'>in</span> <span class='ocrx_word' id='word_1_174' title='bbox 808 3669 918 3716; x_wconf 88' lang='lat' dir='ltr'>omncs</span> <span class='ocrx_word' id='word_1_175' title='bbox 936 3667 1065 3734; x_wconf 81' lang='lat' dir='ltr'>portes,</span> <span class='ocrx_word' id='word_1_176' title='bbox 1083 3653 1117 3720; x_wconf 92' lang='lat' dir='ltr'>in</span> <span class='ocrx_word' id='word_1_177' title='bbox 1142 3673 1210 3722; x_wconf 89' lang='lat' dir='ltr'>orn·</span> 
     </span>
     <span class='ocr_line' id='line_1_27' title="bbox 274 3766 1208 3865; baseline -0.003 -21"><span class='ocrx_word' id='word_1_178' title='bbox 274 3792 332 3844; x_wconf 80' lang='lat' dir='ltr'>nee</span> <span class='ocrx_word' id='word_1_179' title='bbox 364 3771 504 3865; x_wconf 82' lang='lat' dir='ltr'>populos</span> <span class='ocrx_word' id='word_1_180' title='bbox 543 3768 747 3854; x_wconf 84' lang='lat' dir='ltr'>dispicientes</span> <span class='ocrx_word' id='word_1_181' title='bbox 778 3766 972 3834; x_wconf 81' lang='lat' dir='ltr'>Graecorum</span> <span class='ocrx_word' id='word_1_182' title='bbox 1016 3771 1097 3837; x_wconf 84' lang='lat' dir='ltr'>beilt</span> <span class='ocrx_word' id='word_1_183' title='bbox 1135 3791 1208 3843; x_wconf 83' lang='lat' dir='ltr'>curn</span> 
     </span>
     <span class='ocr_line' id='line_1_28' title="bbox 1052 3860 1207 3955; baseline -0.006 -79"><span class='ocrx_word' id='word_1_184' title='bbox 1052 3860 1056 3876; x_wconf 79' lang='lat'><strong>.</strong></span> <span class='ocrx_word' id='word_1_185' title='bbox 1137 3889 1207 3955; x_wconf 31' lang='lat' dir='ltr'>bas</span> 
     </span>
    </p>

    <p class='ocr_par' dir='ltr' id='par_1_9' title="bbox 310 3990 1203 4102">
     <span class='ocr_line' id='line_1_29' title="bbox 310 3990 1203 4102; baseline -0.006 -20"><span class='ocrx_word' id='word_1_186' title='bbox 310 4028 357 4102; x_wconf 78' lang='grc' dir='ltr'>(ι)</span> <span class='ocrx_word' id='word_1_187' title='bbox 371 4018 453 4083; x_wconf 70' lang='lat' dir='ltr'>tum</span> <span class='ocrx_word' id='word_1_188' title='bbox 470 4024 554 4082; x_wconf 59' lang='lat' dir='ltr'>uec</span> <span class='ocrx_word' id='word_1_189' title='bbox 570 4023 598 4079; x_wconf 83' lang='lat' dir='ltr'>s</span> <span class='ocrx_word' id='word_1_190' title='bbox 707 4022 757 4095; x_wconf 72' lang='lat' dir='ltr'>,tn</span> <span class='ocrx_word' id='word_1_191' title='bbox 776 4021 910 4077; x_wconf 73' lang='lat' dir='ltr'>nme</span> <span class='ocrx_word' id='word_1_192' title='bbox 929 4019 1054 4078; x_wconf 59' lang='lat' dir='ltr'>urna</span> <span class='ocrx_word' id='word_1_193' title='bbox 1199 3990 1203 3997; x_wconf 77' lang='grc'>’</span> 
     </span>
    </p>
   </div>
   <div class='ocr_carea' id='block_1_9' title="bbox 0 0 1500 5220">
    <p class='ocr_par' dir='ltr' id='par_1_10' title="bbox 0 0 1500 5220">
     <span class='ocr_line' id='line_1_30' title="bbox 0 0 1500 5220; baseline 0 10"><span class='ocrx_word' id='word_1_194' title='bbox 0 0 1500 5220; x_wconf 95' lang='lat' dir='ltr'> </span> 
     </span>
    </p>
   </div>
  </div>
 </body>
</html>
