2992 5220
674 460 737 510 ..··
761 430 820 492 180
840 459 887 478 -·

319 608 357 677 ‘eli
384 614 468 678 uuila
501 623 562 676 est.
606 608 840 693 Quamobrem,
874 605 1056 689 priusquam
1087 608 1126 672 ad
1157 599 1252 672 tisri·

326 727 477 808 plinarum
507 722 645 788 omnium
667 727 788 806 σύνοψιν
818 736 850 786 et
883 719 1046 784 mundum
1061 728 1158 800 νοητὸν
1179 740 1251 804 perh

323 842 511 920 veniamus,
533 839 573 905 de
595 853 681 904 recte
706 856 778 902 curn
803 835 1002 917 eloquentiae
1026 851 1094 901 tum
1114 838 1253 904 scriben-

326 954 357 1019 di
382 955 489 1041 studio
509 953 668 1021 dialectica
689 951 889 1032 adhibendi,
911 953 1063 1038 agendum
1075 968 1139 1028 est.
1163 956 1253 1021 Prae·

326 1072 485 1138 mittamus
503 1086 606 1137 autem
627 1070 770 1137 nonnihil
792 1071 831 1137 de
851 1069 1006 1136 rhetorica
1029 1084 1115 1137 *recte
1133 1070 1171 1135 ab
1191 1072 1257 1134 elo·

321 1187 690 1271 quentiadisoernenda.

369 1306 447 1371 Nou
472 1305 514 1370 ita
538 1319 704 1387 utramque
723 1305 861 1385 Graeci,
884 1320 920 1369 ut
947 1304 1054 1370 Latini
1086 1303 1254 1384 solebant,

327 1423 447 1487 nomine
485 1420 705 1486 distinxerunt.
749 1419 831 1479 Nam
863 1418 943 1480 idem
979 1418 1018 1480 de
1053 1419 1254 1500 eloquentia,

329 1539 416 1618 quod
447 1540 486 1603 de
505 1533 655 1600 rhetorica
680 1530 867 1596 vocabulum
896 1531 1108 1613 usurpabant,
1140 1546 1257 1600 otram·
1286 1519 1291 1526 ’

329 1670 393 1732 que
419 1653 566 1733 ῥητορικὴν
585 1646 790 1748 appellantes.
834 1646 883 1710 Re
904 1662 1006 1712 tamen
1026 1647 1169 1714 distinxit
1190 1652 1257 1716 Pla·

288 1787 290 1792 ·
326 1781 386 1844 to,
426 1779 463 1829 ut
505 1761 649 1846 superior
688 1780 750 1827 nos
782 1762 891 1827 docuit
922 1764 1102 1846 disquisitio
1136 1781 1258 1834 nostra.

327 1882 410 1949 Nam
439 1894 476 1945 ut
495 1879 642 1945 musicam
664 1887 696 1946 et
721 1877 834 1962 poesin
851 1899 989 1962 novam,
1019 1880 1061 1946 ita
1082 1900 1194 1947 novam
1223 1885 1260 1949 il·

328 1997 381 2077 le,
399 2011 436 2061 ut
460 1966 621 2077 vidimus,
643 1998 847 2083 eloquentiam
860 1997 1006 2064 inducere
1023 1997 1144 2065 studuit
1157 2047 1169 2081 ,
1182 2019 1263 2082 quae

331 2117 418 2194 n'on,
447 2099 497 2179 ‘ut
526 2113 683 2197 sophistis
717 2113 857 2198 placebat
898 2134 933 2179 ac
965 2115 1166 2196 rhetoribus,
1209 2118 1263 2182 vel

315 2231 558 2319 *gratificaretur
586 2230 733 2311 civibus,
763 2232 815 2296 vel
841 2229 940 2312 ipsius
972 2246 1127 2315 spectaret
1158 2248 1265 2298 orato·

332 2347 376 2413 ris
401 2346 471 2414 sive
498 2346 627 2432 gloriam
647 2347 729 2413 sive
747 2348 1018 2428 emolumentum,
1041 2350 1096 2413 sed
1126 2363 1191 2413 tota
1213 2369 1266 2415 es·

332 2479 383 2531 set
408 2464 447 2530 ad
469 2465 559 2546 veri,
580 2465 618 2531 ad
639 2464 738 2543 boni,
769 2465 808 2529 ad
835 2464 913 2548 justi
939 2484 1079 2531 caussam
1104 2464 1266 2532 vindican-

334 2582 402 2647 dam
424 2582 665 2648 accommodata.
710 2582 871 2648 Naturalis
902 2582 976 2648 haec
996 2596 1045 2648 est
1067 2582 1188 2649 dicendi
1218 2604 1267 2649 ra·

224 2770 227 2775 ,
334 2697 403 2775 tio,
424 2716 490 2762 non
517 2717 594 2764 vero
624 2699 777 2765 rhetorica
802 2712 875 2779 est,
900 2719 979 2780 quae
1000 2716 1101 2765 artem
1124 2700 1268 2766 continet

336 2809 469 2876 dicendi.
507 2811 598 2905 'Huic
625 2825 728 2875 autem
757 2813 838 2875 idem
862 2832 1023 2894 germanae
1043 2816 1267 2898 eloquentiae,

337 2945 418 3010 quae
431 2926 530 3010 ipsam
550 2925 647 3009 spirat
659 2925 889 3009 philosophiam
901 2971 913 3004 ,
925 2945 1082 3008 quamque
1101 2927 1266 3014 referunt,

315 3060 375 3136 *ut
400 3046 474 3112 item
504 3045 660 3125 vidimus,
682 3043 871 3126 optimorum
906 3056 1087 3123 oratorum,
1122 3046 1269 3115 maxime-

236 3146 238 3151 ’
339 3181 401 3244 que
430 3159 652 3228 Demosthenis
687 3159 825 3239 scripta,
860 3180 968 3224 noram
1001 3163 1154 3239 quandam
1179 3164 1269 3230 adhi-

314 3278 407 3349 ‚buit
432 3277 632 3340 rhetoricam.
689 3275 734 3340 Ut
754 3289 855 3341 autem
882 3277 1062 3357 eloquentia
1091 3268 1270 3347 illa‘Plato·

282 3470 286 3481 .
337 3395 388 3459 nis
417 3395 486 3459 reri
520 3411 644 3471 umore,
678 3391 720 3457 ita
751 3392 827 3458 haec
853 3394 921 3477 ejus
948 3394 1100 3459 rhetorica
1123 3396 1270 3460 cernendi

338 3524 411 3576 arte
440 3508 572 3593 insignis
594 3521 681 3575 est:
727 3507 819 3575 fluxit
846 3508 944 3576 ferme
980 3525 1045 3575 tota
1076 3529 1095 3574 e
1133 3511 1272 3579 dialecti·

339 3613 416 3706 tae,
439 3646 530 3707 quam
561 3626 600 3692 in·
616 3627 717 3692 lucem
740 3626 941 3709 prodiderat,
963 3624 1137 3710 principiis.

283 3772 291 3788 ⁸
342 3785 347 3791 -
382 3743 464 3811 Nam
495 3759 578 3812 arcte
604 3741 749 3827 profecto
783 3759 831 3808 est
859 3761 930 3808 curn
961 3741 1119 3810 dialectici
1149 3764 1198 3810 ars
1225 3748 1274 3814 di.

340 3863 430 3932 cendi
459 3866 637 3947 conjuncta.
689 3859 775 3926 Haec
801 3860 879 3925 adeo
905 3858 1074 3941 utriusque
1093 3863 1271 3930 necessitu-

341 3986 385 4050 do
410 3996 484 4067 est,
520 3992 558 4045 ut
582 3977 763 4061 dialectica,
794 3977 858 4045 nisi
876 3976 1008 4045 diceudo
1031 3997 1078 4046 ,se
1092 4007 1096 4047 ;
1110 3977 1269 4065 explicet,

345 4112 346 4116 ,
1221 4111 1272 4179 le·
