2992 5220
819 481 1001 549 .-50-

446 638 530 713 „mibi
560 641 651 722 plura
660 642 877 725 -gravioraque
903 658 1094 725 occurnmt‚
1119 664 1199 727 quae
1219 647 1307 730 prius
1333 648 1380 713 vi-

449 758 582 829 ,dotntur
601 777 639 824 ex
660 759 790 826 Platone
815 761 1019 844 explicanda,
1052 782 1145 844 quam
1174 763 1248 828 illuc
1269 782 1387 852 petveq

449 877 584 949 siamus.
621 877 758 943 Tantum
779 878 890 960 abest,
912 895 948 945 ut
963 893 1115 946 statueret
1132 880 1246 959 Plato,
1269 880 1380 961 quod,

452 1012 471 1060 a
503 994 626 1061 Lockio
657 994 754 1076 inde,
798 996 1025 1062 recentioribus
1053 995 1253 1080 pbilosophis
1286 1014 1380 1078 quam

453 1111 621 1195 plurimun
656 1111 798 1196 placuit,
820 1112 898 1178 nihil
923 1131 993 1179 esse
1019 1113 1205 1194 inanimo,
1229 1111 1307 1195 quin
1326 1131 1383 1195 per

448 1228 593 1310 corporis
621 1245 733 1295 sensus
761 1228 948 1309 intraverit,
992 1243 1028 1293 ut
1060 1245 1186 1295 sensum
1218 1232 1382 1310 quemdam

452 1343 653 1424 interiorem,
675 1344 775 1427 ipsius
795 1344 889 1411 animi
920 1362 1072 1425 sensum,
1095 1345 1127 1409 in
1155 1343 1282 1426 scriptis
1314 1345 1382 1410 suis

451 1464 684 1528 memoraverit-
702 1461 880 1529 identidem.
906 1458 936 1506 ‘0
966 1446 984 1546 J
999 1461 1096 1548 Quod
1137 1460 1286 1545 placitum
1331 1463 1384 1529 alii

452 1577 512 1644 alia
551 1576 747 1658 maximeque
784 1579 908 1645 diversa
938 1578 1057 1644 ratione
1089 1580 1277 1662 explicatum
1316 1583 1384 1651 ive·

451 1705 538 1759 runt.
583 1684 664 1757 Nam
691 1708 795 1776 patres
819 1694 969 1761 ecclesiae
988 1697 1032 1762 de
1048 1697 1142 1763 animi
1163 1696 1312 1766 facultate
1332 1719 1383 1766 ac·

450 1822 626 1890 ceperunt,
662 1829 725 1892 qua
760 1809 864 1877 divina
892 1826 1000 1878 natura
1031 1814 1241 1896 percipiatur,
1286 1819 1382 1901 placi-

450 1939 583 2006 tumque
611 1924 651 1991 ad
677 1925 859 2012 religionem
891 1930 1182 1996 accommodaruntr
1209 1929 1244 1975 (⁰)
1274 1951 1381 1998 recen·

448 2042 546 2109 tiores
574 2041 641 2110 fere
671 2063 847 2131 organum,
881 2045 967 2126 quod
989 2044 1119 2125 dicunt,
1142 2047 1260 2111 marala
1286 2045 1378 2111 intel·

449 2163 617 2242 lexeruat,
655 2178 721 2242 quo
765 2161 915 2226 mundum
957 2163 1103 2226 moralem
1144 2159 1379 2244 perspicimus:

448 2278 552 2349 neutri
579 2271 706 2361 quidem
744 2278 776 2343 id
803 2278 962 2360 dicentes,
993 2277 1080 2359 quod
1110 2277 1291 2344 abhorreret
1317 2279 1384 2361 pla·

448 2414 489 2464 ne
506 2416 525 2463 a
544 2395 748 2481 philosophia
774 2395 951 2475 Platonica3
984 2408 1195 2463 verumtamen
1214 2395 1302 2461 Plato
1325 2413 1383 2460 nec

448 2513 631 2600 religionem
667 2512 822 2597 spectavit
849 2512 997 2596 proprie,
1029 2531 1086 2578 nec
1116 2511 1279 2577 interiores
1308 2529 1383 2576 nos·

450 2646 517 2697 tros
534 2629 628 2696 animi
654 2649 786 2696 sensus:
815 2645 945 2693 mantem
967 2628 1132 2710 respexit,
1162 2633 1212 2697 aia
1242 2634 1329 2707 aazia,
1349 2641 1383 2693 et

448 2746 599 2812 mundum
624 2750 745 2825 ararit,
777 2747 904 2829 narique
936 2743 968 2806 in
996 2743 1056 2807 hoc
1082 2742 1228 2807 cemendi
1253 2741 1382 2807 faculta-

448 2877 511 2930 tem
538 2862 594 2927 bac
615 2879 694 2926 voce
720 2859 886 2942 expressit.
932 2858 995 2923 Sed
1023 2875 1087 2923 rem
1118 2876 1178 2922 nos
1206 2856 1382 2922 accuratius

447 2994 479 3049 et
499 2998 538 3047 ex
554 2978 632 3060 ipsis
659 2974 843 3059 philosophi
863 2974 1028 3056 principiis
1047 2974 1253 3058 explicemus.

388 3085 390 3089 ’
489 3094 640 3162 Sensibus
674 3094 751 3171 ille,
783 3107 820 3156 ut
846 3091 1007 3170 vidimus,
1039 3091 1100 3155 hoc
1132 3089 1310 3168 tribuebat,
1343 3103 1380 3154 ut

445 3214 600 3282 derebus
629 3210 764 3277 extemis
793 3222 955 3274 monerent
982 3208 1209 3290 certioremque
1244 3206 1380 3277 tacerent

446 3336 602 3413 animum;
626 3332 657 3375 (θ
682 3328 745 3395 vim
765 3344 867 3393 autem
891 3327 1052 3408 quamdam
1077 3324 1300 3409 praecipuam,
1323 3325 1383 3389 hu·

444 3455 562 3538 jusque
595 3447 714 3535 negotii
743 3443 918 3513 facultatem
942 3444 1130 3530 singularem
1162 3443 1247 3509 visui
1277 3444 1384 3510 inesse

447 3568 614 3647 censebat,
637 3565 757 3648 quippe
782 3562 837 3645 qui
867 3561 1009 3628 acumine
1032 3580 1144 3628 sensus
1166 3575 1305 3626 caeteros
1327 3578 1382 3623 su·

1317 3691 1374 3756 Pe·

485 3867 525 3934 (t)
544 3864 686 3932 napvlt.
713 3864 774 3932 ⁵27·
792 3860 826 3914 Ε.
843 3860 904 3913 555.
930 3860 969 3913 D.
1070 3857 1111 3927 (a)
1130 3855 1167 3906 V.
1191 3851 1328 3921 wyttenb.
1346 3851 1379 3902 ad

449 3964 522 4021 Plau
550 3962 585 4026 ds
611 3962 641 4015 S.
665 3961 702 4016 N.
730 3959 767 4013 V.
790 3977 818 4028 p.
848 3958 889 4028 9⁵·
925 4033 932 4045 κ
998 3955 1039 4026 (ὅ)
1059 3955 1104 4010 et.
1127 3954 1194 4022 Rep.
1222 3950 1292 4006 vll.
1320 3951 1380 4006 523.

449 4065 489 4122 Ι).
504 4065 565 4122 524.
582 4063 620 4116 D·
649 4114 654 4121 .
