2992 5220
536 474 711 554 ..63-

165 650 220 730 qui
253 649 355 732 ipsum
382 650 438 715 has
462 647 524 715 illis
544 670 643 735 nugas
667 647 858 717 auferentem
887 651 1095 736 rejicientem·

164 787 247 850 que,
278 782 397 832 tantum
423 786 489 833 non
520 769 710 834 morderent.
764 769 826 834 Sed
854 768 973 850 iidem,
1003 785 1094 854 post-

164 905 258 967 quam
296 885 387 967 plane
424 899 512 950 erant
547 886 746 969 perpurgati‚
780 900 868 952 tanto
903 888 1097 971 semetipsos

166 1003 241 1068 odio
262 1003 414 1069 habebant
424 1051 443 1083 ,,
459 1018 578 1085 quanto
596 1004 684 1068 illum
710 1002 854 1069 colebant
881 1023 998 1073 amore.
1041 1006 1097 1071 ln·
1172 1000 1174 1005 ’

164 1121 372 1206 dignabantur
393 1120 500 1202 enim,
530 1121 648 1186 tamdiu
675 1140 711 1186 se
736 1121 915 1204 torpuisse,
936 1123 1098 1204 vitamque

164 1258 200 1305 se
218 1240 318 1304 adhuc
339 1238 463 1322 degisse
494 1237 651 1320 indignam
677 1236 803 1321 ingenio
831 1257 905 1303 suo.
950 1220 1098 1323 Quove·

167 1375 202 1421 ro
217 1353 373 1439 'abjectius
397 1354 436 1418 de
458 1353 636 1436 semetipsis
651 1352 849 1434 sentiebant,
871 1373 910 1419 eo
931 1355 970 1420 de
986 1358 1098 1423 socra-

166 1484 197 1536 te
217 1469 464 1555 magnificentius
482 1469 720 1535 existimabant:
746 1489 877 1553 quoque
905 1471 1010 1540 minus
1030 1471 1097 1539 sibi

164 1604 234 1652 esse
259 1571 428 1668 videbant,
462 1587 550 1667 quod
577 1587 655 1670 ipsis
678 1587 856 1668 sufficeret,
878 1608 917 1654 eo
937 1589 1098 1658 ardentius

165 1705 439 1801 amplectebantur·
452 1722 547 1783 cum,
571 1718 606 1770 ut
625 1704 686 1768 hoc
707 1705 868 1787 explerent
887 1704 1098 1786 desideriunt,

163 1841 268 1905 eoque
288 1822 375 1888 illum
403 1821 545 1887 amabant
568 1821 805 1888 vehementius:
829 1841 964 1887 amorem
989 1803 1099 1903 enini,

165 1941 205 2006 de
225 1923 380 2007 Diotimae
399 1937 574 2016 sententia,
598 1937 767 2020 indigentia
786 1938 880 2021 parit.
923 1939 1099 2022 Huiusmo-

164 2056 196 2122 di
216 2070 265 2122 est
283 2069 315 2122 et
332 2057 404 2121 hinc
427 2053 640 2140 proficiscitur
659 2054 884 2137 discipulorum
912 2073 984 2139 erga
1010 2075 1099 2140 prae·

163 2187 324 2255 ceptorem
354 2190 465 2252 amor,
501 2172 602 2253 qualis
634 2174 778 2239 Socrates
810 2172 894 2240 fuit:
928 2173 975 2241 sic
1013 2189 1100 2242 certe

165 2288 271 2371 ipsum
302 2290 462 2356 Socratem
494 2288 632 2369 amavit,
665 2303 702 2354 ut
723 2289 818 2355 modo
845 2290 1011 2357 confessus
1031 2307 1099 2373 est,

164 2405 406 2488 Apollodotus,
441 2404 496 2486 qui
521 2405 559 2468 ab
592 2406 652 2470 hoc
682 2404 796 2469 amoris
824 2404 932 2470 sttrore
957 2407 1049 2488 plane
1066 2419 1100 2472 et

165 2507 380 2588 enthusiasmo
401 2526 524 2604 μανικὸς
545 2519 693 2603 appellari
714 2519 847 2585 solebat.
872 2517 903 2561 (¹)

172 2685 176 2689 -
207 2637 333 2722 Quodsi
361 2639 423 2720 jam
456 2638 495 2704 de
521 2655 559 2702 eo
594 2637 795 2719 quaerimus,
830 2638 916 2718 quod
938 2636 1012 2702 item
1038 2635 1099 2703 So·

163 2770 263 2820 crates
294 2753 326 2819 in
358 2754 410 2821 ilia
436 2765 612 2837 μαιευτικῆς
647 2729 860 2837 descriptione
888 2753 1099 2836 memoravit,

167 2873 223 2955 qui
257 2873 438 2941 accederent
462 2872 501 2938 ad
529 2871 655 2954 ipsum,
700 2872 813 2937 horum
846 2872 982 2953 primum
1018 2889 1099 2937 non·
1194 2888 1203 2907 ·

164 2990 269 3056 nullos
290 3008 440 3073 perquam
462 2988 551 3055 visos
566 3035 568 3041 ι
586 3007 657 3054 esse
684 2988 829 3073 ignaros,
862 3006 971 3055 omnes
994 3006 1096 3069 vero,

82 3175 87 3182 ,
164 3108 353 3192 procedente
380 3127 441 3172 usu
471 3120 503 3173 et
531 3106 778 3187 consuetudine,
813 3104 840 3170 si
873 3105 997 3186 quidem
1027 3106 1098 3172 dae·

163 3225 303 3290 nronium
324 3223 457 3303 sineret,
480 3221 636 3288 mirabiles
661 3222 778 3289 fecisse
798 3241 1004 3305 progressus,
1027 3227 1098 3295 iao

164 3339 622 3421 miserantissime>
655 3339 716 3403 hoc
750 3337 825 3401 item
860 3356 900 3401 ex
930 3336 1098 3405 -Socratica

164 3469 291 3521 naturae
320 3454 471 3519 humanae
492 3452 713 3518 observatione
731 3449 863 3516 efficitur
881 3448 984 3516 facile.
1013 3447 1099 3520 Nam

164 3569 326 3656 purgando
362 3569 466 3636 animo
497 3568 722 3650 liberandoque
749 3567 904 3649 perversis
936 3567 1097 3652 opinioni·

163 3689 248 3768 bus,
290 3705 362 3752 cutn
391 3685 470 3751 uiam
499 3684 676 3751 recludebat
703 3684 954 3751 adolescentibus
990 3686 1096 3752 omnis

115 3788 118 3796 ¹
163 3804 310 3871 scientiae
328 3817 359 3869 et
380 3801 533 3883 viamus,
554 3815 619 3867 tum
648 3801 709 3885 ipsi
736 3802 769 3866 in
800 3802 856 3866 hac
885 3801 936 3868 via
952 3821 1018 3870 non
1034 3822 1099 3887 po-

1048 3931 1098 3987 te·

172 4082 175 4086 .
202 4034 243 4102 (ι)
262 4033 355 4103 83η).
373 4035 423 4106 ¹7³
440 4037 478 4090 D.
549 4035 590 4107 (a)
609 4033 720 4091 Thrace
739 4034 788 4091 ado
804 4035 842 4089 D.
