2992 5220
647 496 841 582 φης-ἑ

277 680 357 769 hanc
383 676 528 744 cernendi
552 652 767 759 iungendiqne
790 670 972 742 methodum
993 652 1035 738 in
1058 659 1208 763 inplesti!¹

162 822 165 844 ι
276 810 309 862 ct
334 794 467 861 Politian
495 789 644 873 exposuit
680 789 783 855 Plato.
827 782 878 858 De
907 787 1009 873 primo
1028 776 1123 872 hujus
1152 779 1210 853 tri-f

277 911 380 996 logiae
404 909 528 991 dialogo
557 906 619 989 iam
649 902 802 970 diximus:
837 880 973 972 occurrit
991 903 1024 970 in
1051 921 1090 969 eo
1115 898 1212 967 moola

279 1027 496 1104 Theaetetus,
525 1019 721 1105 philosopha
750 1020 930 1108 adolescens
961 1016 1068 1087 indole
1088 1016 1216 1103 praedi-¹

278 1153 355 1221 tus,
376 1138 429 1205 cui
462 1133 606 1203 Socrates
636 1136 790 1203 continuo
812 1130 1054 1221 quaestionem,
1069 1136 1145 1220 quid
1168 1124 1215 1201 sit'
1286 1120 1288 1125 ’
1428 1118 1434 1132 ’

279 1255 431 1337 seientia,
463 1252 642 1338 proponit,
675 1268 734 1336 ut,
769 1271 849 1335 quae
866 1255 975 1320 insunt
997 1257 1067 1340 ejus
1085 1249 1220 1340 ingenio·

279 1384 437 1454 tamquam
471 1355 602 1449 foetus,
633 1388 706 1435 cum
727 1388 844 1452 veras,
877 1385 944 1436 tum
974 1356 1068 1437 falsas
1093 1371 1215 1456 praeju-

279 1488 459 1570 dicatasque
495 1486 661 1570 opiniones
682 1483 808 1568 eliciat,
830 1478 898 1551 illas
918 1487 1034 1569 probct
1068 1487 1220 1573 alatque',¹

279 1606 337 1671 has
364 1602 483 1688 rejiciat
524 1622 561 1667 ac
601 1603 725 1684 deleat,
759 1620 825 1685 quo
855 1602 953 1693 magis
968 1602 1020 1668 ¹iis
1051 1574 1221 1689 liberatum·

282 1719 488 1786 adolescentis
524 1718 707 1802 ingenium,
739 1705 824 1785 recte
854 1719 1001 1806 deinceps
1031 1731 1064 1787 et
1099 1705 1222 1807 coptetf

284 1851 316 1903 et
340 1836 471 1920 marcet.
515 1820 769 1901 remanentne
805 1812 994 1921 manopera
1025 1822 1223 1906 definiendae

284 1971 393 2018 caussa
424 1967 583 2016 sermones
605 1951 652 2015 illi
674 1952 872 2033 procedunt,
894 1951 950 2016 sed
970 1952 1026 2015 illo
1051 1940 1223 2035 propositos
1283 1997 1292 2014 .
1353 1988 1361 2006 κ

283 2066 491 2153 praesertim,
523 2078 561 2129 ut
586 2084 642 2131 ars
668 2063 835 2147 quaerendi
863 2065 1139 2151 interrogandique
1162 2064 1224 2136 Sol

286 2184 422 2266 cratita,
443 2181 571 2248 omnino
587 2183 719 2276 ἔλεγχος
738 2182 806 2248 sive
829 2187 988 2277 paraverat,
1009 2183 1042 2248 in
1065 2184 1141 2252 luce·
1161 2172 1226 2273 pm

285 2314 389 2368 natur.
420 2298 630 2367 -simlllimu'm
670 2286 837 2386 sophistae
856 2313 889 2366 et
908 2283 1060 2381 potarat,
1080 2299 1120 2364 de
1153 2286 1226 2384 qui-¹

284 2419 350 2486 bus'
378 2420 443 2503 iam
482 2417 577 2484 nobis
607 2415 786 2502 agendum,
817 2424 893 2484 cum'
918 2404 1119 2501 propositum
1155 2408 1227 2484 tum‘

286 2517 504 2619 argumentum
535 2549 596 2602 est.
651 2533 737 2601 Ide'm
766 2532 800 2600 in
834 2534 874 2599 iis
903 2533 1040 2602 occurrit
1069 2524 1225 2605 Theaetee
1335 2537 1336 2540 ’

287 2667 364 2719 tus:
387 2651 502 2717 adsunt
530 2650 605 2716 item
625 2650 740 2735 pariter
767 2648 912 2716 Socrates
942 2652 978 2717 et'
1007 2641 1229 2751 Theodorusp'

286 2769 343 2837 aed
372 2767 491 2834 accedit
518 2766 635 2850 hospes
665 2766 779 2859 aliquis
801 2766 952 2850 Eleates,
974 2768 1031 2852 qui
1051 2767 1098 2834 sic
1115 2754 1226 2837 'inter-

287 2887 427 2972 rogando
453 2899 549 2976 artem
580 2882 727 2951 cernendi
763 2885 979 2969 jungendique
993 2863 1157 2966 dociam,
1189 2900 1227 2951 ut

290 3007 464 3085 μαιωτικὴν
494 3004 584 3066 antea
612 3001 819 3069 declaraverat
855 3000 1012 3091 Socrates⁸>
1056 2992 1228 3093 Ingressus]

289 3093 387 3208 ipitur
424 3101 644 3198 Theodorus,
673 3119 723 3184 uti
756 3117 847 3199 heri,
892 3110 1024 3200 lnquit,
1056 3114 1228 3188 internos

291 3226 466 3309 convenit,
498 3247 570 3293 cum
600 3230 662 3314 ipsi
683 3233 745 3299 huc
774 3235 937 3316 redimus,
960 3248 1029 3327 tum
1060 3233 1151 3300 hunc'
1176 3216 1230 3326 ati-¹

293 3344 437 3410 ducimus
466 3342 625 3425 hospitam
647 3347 809 3432 Eleatem,
839 3353 944 3419 virum
966 3353 1059 3434 plane
1087 3328 1232 3435 phitom!

294 3460 406 3547 phum.
464 3458 610 3526 Socrates
638 3478 711 3526 eum
739 3464 818 3527 mira
847 3468 1000 3532 continuo
1032 3460 1231 3564 urbanitate,²

294 3596 352 3645 nec
383 3595 461 3644 vero
486 3576 556 3642 sine
575 3576 677 3644 ironia
700 3577 831 3664 excipit,
876 3579 971 3648 Tune
984 3600 1084 3666 vero,
1106 3584 1232 3670 inquit,

302 3689 498 3773 Theodore',
528 3709 594 3757 non
615 3692 795 3778 hospitem,
817 3696 874 3763 sed
894 3669 999 3764 neum
1022 3696 1106 3767 forte
1126 3689 1236 3786 quemss

302 3807 372 3873 dam
402 3808 521 3874 inscius
552 3811 723 3877 secundum
751 3812 925 3881 Homerum
945 3811 991 3883 ad‘
1010 3836 1071 3885 nos
1092 3791 1234 3887 duxisti}

306 3922 393 3992 Dicit
424 3925 505 4020 enim
537 3928 616 4032 ille,
635 3948 706 4023 cum
733 3930 812 4023 alios
834 3934 925 4002 Deos
951 3933 1157 4018 hominibus,
1179 3935 1238 4022 qui

291 4041 430 4151 -prtidem
453 4044 533 4129 justi
561 4045 691 4130 pudoris
712 4047 884 4135 participes
911 4065 1009 4135 spat,
1053 4066 1121 4136 turp
1148 4050 1235 4143 Hos·

1186 4186 1240 4254 Pb.
