2992 5220
667 475 842 546 *55-

284 642 459 726 tnrdatque
484 659 586 710 rerum
619 642 914 728 interpretationes,
959 660 1038 724 quas
1069 645 1217 715 rensibus

283 759 376 827 debet
401 760 537 827 animus.
607 759 692 825 Hinc
722 775 824 825 tutem
854 760 999 827 Socrates
1029 775 1100 825 cum
1128 762 1215 828 britia

280 876 368 943 ducit
395 875 629 956 arithmeticae,
652 888 718 940 tum
740 877 892 959 explicat,
920 875 1024 958 qualia
1049 874 1114 941 sint
1134 894 1215 958 quat

279 993 321 1060 td
344 992 496 1057 mundum
521 996 621 1070 νοητὸν
648 991 816 1075 pertinent.
861 995 1026 1078 Apparent
1049 993 1133 1073 ista,
1165 992 1215 1059 in·

280 1108 377 1191 quit,
417 1107 522 1173 animo
552 1105 705 1187 confusa,
747 1125 806 1174 nec
837 1108 968 1196 intelligi
1001 1125 1128 1191 recte,¹
1151 1109 1214 1176 nisi

278 1220 520 1310 distinguendo,
535 1237 684 1307 possunt.
707 1223 826 1289 lecirco
845 1225 980 1306 primum
999 1242 1130 1291 conatur
1146 1226 1213 1293 atti-

279 1360 370 1421 mus,
411 1341 561 1407 advocata
594 1341 717 1418 ratione
748 1341 952 1422 adhibitaque
978 1332 1092 1408 mentis
1121 1343 1213 1426 acie,

277 1456 496 1539 considerare,
537 1474 644 1525 utrum
673 1475 768 1524 unum
801 1458 865 1523 sint
893 1475 932 1523 an
965 1458 1030 1522 duo
1063 1457 1210 1544 singula,

278 1593 359 1657 quae
381 1573 565 1641 annunciata
592 1588 680 1642 sunt.
723 1575 757 1643 Si
787 1576 854 1640 duo
883 1588 1057 1658 apparent,
1077 1576 1211 1642 alterutri

277 1706 309 1759 et
342 1707 514 1775 utrumque
550 1711 648 1757 unum
686 1690 862 1775 apparebit.
926 1689 962 1757 Sl
997 1708 1078 1759 veto
1110 1676 1209 1759 unum

278 1823 469 1890 utromque,
510 1809 603 1874 ambo
631 1822 734 1874 autem
765 1810 831 1875 duo
858 1821 1029 1893 apparent,
1071 1821 1210 1892 separata

277 1924 342 1989 duo
372 1924 517 2007 inteiligit
547 1924 681 1990 animus.
726 1924 795 2011 Jam
827 1924 932 1991 visum
962 1925 1096 1989 diximus
1125 1938 1212 2006 mag·

277 2058 354 2107 num
379 2040 412 2107 e't
433 2058 564 2124 parvum
586 2038 725 2116 vidisse,
746 2039 802 2104 aed
824 2054 890 2102 non
904 2038 1111 2118 distinctum,
1132 2053 1209 2103 con-

276 2157 386 2225 fusum
419 2174 519 2224 veto:
565 2155 620 2222 hac
661 2167 765 2220 autem
802 2152 1017 2218 distinctionis
1049 2152 1210 2223 evidentia

277 2295 366 2343 mens
394 2273 511 2342 intueri
533 2273 660 2358 cogitur
686 2288 752 2336 non
774 2268 935 2351 confusa,
965 2270 1021 2335 sed
1048 2269 1206 2351 discreta,

274 2407 384 2463 contra
408 2412 444 2459 ac
474 2391 577 2457 visus.
641 2389 751 2470 Atque
783 2388 825 2453 ita
860 2386 987 2469 quidem
1016 2386 1211 2453 numerando

274 2526 308 2577 et
333 2509 555 2594 distinguimus
576 2525 647 2587 res,
678 2524 736 2572 nec
765 2503 1017 2586 committimus,
1037 2516 1083 2570 ut'
1096 2504 1206 2571 iisdem

274 2627 369 2694 rebus
408 2624 561 2691 contraria
586 2623 773 2688 tribuamus.
829 2621 894 2687 Hic
924 2636 1026 2689 autem
1056 2638 1116 2687 nos
1144 2621 1210 2704 pri·

274 2763 360 2811 mum
386 2741 474 2809 subit
498 2740 680 2823 inquirere,
704 2739 780 2820 quid
803 2739 906 2820 ipsum
939 2737 982 2803 sit
1007 2756 1153 2823 magnum
1175 2748 1211 2805 tt

274 2879 426 2947 parrum:
470 2877 554 2943 qno,
599 2854 703 2927 missis
745 2855 840 2921 rebus
865 2846 1087 2931 visibtttbos,
1106 2852 1144 2917 ad
1170 2868 1212 2917 ea

273 2979 487 3058 escendimus,
510 2993 593 3058 quae
609 2974 678 3040 sold
702 2985 806 3037 mente
827 2969 1044 3054 percipiuntur
1064 2980 1097 3033 nt
1115 2971 1209 3044 mm

274 3094 432 3160 dicuntur.
476 3092 561 3158 Haec
585 3105 685 3170 stmt,
718 3087 842 3170 inquit,
877 3104 958 3168 quae
989 3082 1084 3151 modo
1097 3082 1212 3150 docu-
1284 3118 1288 3125 ·

274 3229 344 3279 rare
369 3226 534 3294 aggressos
560 3227 654 3289 snm,
687 3225 784 3289 quum
810 3202 970 3282 dicerem,
991 3200 1050 3267 alia
1077 3197 1210 3283 negotia

273 3329 489 3413 anamma&
527 3341 598 3388 ΜΕ
634 3333 688 3400 τῆς
725 3326 875 3402 bruttiae,
918 3319 976 3386 elia
1013 3334 1079 3384 nou
1113 3333 1212 3388 esset

273 3445 489 3531 παρακλητικὰ
523 3437 699 3515 definiens,
742 3456 823 3519 quae
859 3434 1048 3501 contrarium
1078 3451 1207 3501 ’sensum

275 3576 406 3631 movent
441 3558 563 3636 simui,
607 3571 689 3635 quac
726 3570 803 3617 vcro
841 3568 905 3616 non
944 3564 1096 3629 movent,
1142 3566 1209 3615 non

274 3680 416 3769 ayma
450 3682 505 3754 τῆς
540 3675 663 3755 νοήσεως
680 3641 686 3655 ’
703 3666 824 3766 dicens.
864 3705 908 3718 -
947 3664 1073 3753 Quibus
1109 3665 1209 3755 expli-

272 3794 369 3875 citis,
389 3810 472 3861 nunc
498 3790 642 3867 socrates
663 3783 823 3857 Glaucoui
842 3780 1064 3851 arithmeticam
1088 3800 1124 3855 ut
1145 3782 1209 3849 dis·

273 3912 421 3997 ciplinam
452 3904 623 3993 proponit,
646 3922 753 3986 quae,
775 3915 905 3985 propter
935 3917 1135 3967 numerorum
1156 3914 1211 3963 nan

274 4045 395 4111 tutam,
418 4038 552 4095 mentem
583 4020 717 4089 manime
740 4016 951 4085 immunitam
977 4019 1075 4095 torris
1104 4013 1208 4092 adque

1157 4145 1206 4212 rp-
