2992 5220
639 425 889 539 -166-¹
1063 469 1083 528 ἶ

274 648 394 719 irvmti
421 651 573 719 Platonici
597 653 685 718 heres
716 652 903 735 proximus,
932 668 1029 735 quum
1057 651 1205 724 cernendi

274 770 434 855 diligentia
461 789 510 837 res
532 789 639 836 omnes
667 770 789 836 divinas
814 782 910 850 atque
932 769 1080 835 humanas
1104 769 1209 852 expll-

276 905 348 953 care
375 888 569 970 institueret,
596 888 746 954 discrevit
768 887 894 968 quidem
918 885 1062 952 studiose
1087 887 1144 952 alia
1160 885 1205 953 ,ab

275 1005 369 1088 aliis3
397 1006 455 1072 sed
485 1024 553 1072 non
579 1007 652 1073 satis
686 1017 759 1090 apte
778 1002 949 1072 identidem
973 1004 1108 1071 ducreta
1134 1021 1211 1070 con·

273 1121 391 1203 junxit.
446 1121 546 1188 Stoici
568 1138 679 1188 contra
708 1134 742 1187 ct
769 1120 944 1204 Epicurei,
976 1122 1033 1204 qui
1058 1119 1214 1205 proficere

276 1257 316 1304 ex
335 1239 517 1306 Aristotelis
536 1238 732 1325 syllogistici
755 1240 964 1320 studuerunt,
982 1240 1117 1329 iungere
1135 1237 1213 1304 mira
1260 1227 1265 1238 ’

277 1371 344 1423 arte
369 1377 449 1423 cum
481 1358 603 1441 placitis
631 1359 701 1423 suis
730 1357 942 1435 antiquiorum
967 1355 1082 1434 placita
1108 1352 1213 1437 philo·

279 1474 478 1556 sophorum,
509 1470 682 1546 Heracliti,
703 1469 901 1547 Democriti,
923 1467 1087 1551 Socratis,
1107 1469 1213 1536 Plato-

277 1592 328 1655 nls
347 1590 451 1655 conati
473 1600 571 1664 sum;
613 1585 671 1649 aed
700 1600 766 1648 non
793 1583 869 1650 satis
898 1584 932 1650 in
956 1583 1212 1669 philosophando

120 1776 122 1780 ⁸
171 1785 173 1788 y
277 1705 512 1768 discreverunt:
559 1700 706 1782 quocirca
742 1701 895 1785 judicium
930 1698 998 1766 fere
1032 1701 1067 1768 ln
1103 1719 1214 1766 eorum
1277 1778 1283 1787 ¹

279 1819 500 1904 systematibus
527 1817 749 1884 desideramus.
794 1819 883 1884 Plato
914 1836 990 1883 vero
1018 1817 1066 1885 sic
1092 1818 1217 1885 metho-

280 1937 357 2003 dum
377 1915 468 2000 ¹hunc
498 1954 585 2000 sunm
615 1949 647 2000 et
683 1935 894 2017 usurpandam
925 1952 995 1999 esse
1024 1935 1148 2000 censuit
1185 1949 1218 2001 et

213 2077 219 2090 ·
281 2054 446 2135 usurpavit
472 2051 562 2135 fere,
585 2068 621 2117 ut
650 2051 855 2133 aequabiliter
884 2066 1026 2119 uteretur
1054 2065 1217 2134 utroque,

180 2190 182 2195 ⁴
282 2171 472 2249 imovero,
510 2189 589 2251 quae
612 2182 739 2235 namrae
768 2169 848 2234 ratio
878 2183 949 2249 est,
990 2184 1053 2237 tam
1071 2171 1230 2254 jungeret.

279 2289 461 2367 cernendo,
484 2307 576 2370 qunm
605 2287 769 2371 jungendo
797 2300 947 2353 cerneret.
992 2286 1085 2352 Unde
1100 2287 1133 2350 in
1154 2287 1218 2369 pri·

282 2406 341 2473 mis
374 2407 571 2488 repetendam
592 2404 868 2487 explicandumque
894 2420 1033 2485 censeo,
1074 2421 1156 2486 quae
1183 2405 1218 2470 in

282 2525 350 2609 ejus
382 2540 444 2589 tam
472 2522 613 2587 oratione
643 2542 736 2604 quam
769 2521 971 2603 philosophia
1001 2534 1125 2602 exstat,
1147 2541 1221 2605 per-

281 2639 458 2721 spicuitatis
493 2659 564 2705 cum
596 2640 689 2723 copia
717 2653 750 2706 et
781 2638 992 2705 concinnitate
1022 2639 1221 2723 conjunctio·

285 2772 372 2819 nem.
435 2755 532 2835 Quod
561 2770 629 2819 rum
662 2757 818 2836 explicare
855 2756 1000 2838 juvabit,
1045 2774 1152 2834 quum<
1181 2759 1221 2821 ad

286 2865 488 2935 Rhetoricam
511 2866 694 2955 philosophi
715 2867 958 2946 pervenerimus.
1003 2866 1098 2932 Hunc
1116 2882 1223 2938 autem

286 2988 320 3053 in
341 2987 467 3051 modum
496 3002 567 3049 cum
596 2984 713 3068 analysi
743 2983 775 3048 in
806 2980 1059 3064 philosophando
1081 2999 1224 3054 uteretur

286 3105 400 3183 Plato,
430 3104 541 3168 ducem
568 3120 603 3165 se
627 3100 719 3164 nobis
747 3099 799 3163 ille
821 3098 988 3181 Praebuit,
1019 3120 1131 3185 quem,
1154 3104 1225 3174 sive

288 3217 555 3302 philosophiam,
599 3217 667 3279 sive
707 3229 788 3280 artes
827 3216 1053 3302 doctrinasque
1091 3237 1225 3290 tractare

287 3330 503 3409 instituimus,
527 3330 671 3396 lubenter
693 3352 874 3414 sequamur.
928 3337 1005 3402 Non
1037 3341 1125 3419 quasi
1154 3341 1228 3423 ipse

243 3468 247 3475 ·
290 3447 465 3528 tramitem,
490 3467 581 3528 quem
607 3450 895 3532 nobisindicavit,
917 3470 1002 3518 recte
1030 3471 1152 3534 semper
1172 3472 1226 3522 se-

289 3581 384 3633 cutus
420 3565 485 3649 sit,
527 3569 578 3632 vel
607 3569 742 3650 placita,
788 3590 866 3652 quae
894 3571 950 3633 hac
973 3570 1121 3634 cernendi
1149 3571 1227 3654 jun·

291 3668 448 3769 gendique
476 3685 623 3750 methodo
654 3686 794 3765 invenit,
826 3684 986 3750 verissima
1013 3685 1078 3751 sint
1106 3688 1224 3757 onmia.

291 3801 340 3867 Ut
356 3796 462 3866 ¹homo
494 3802 555 3867 fuit
593 3799 719 3868 divitius
760 3802 872 3879 Plato,
913 3801 957 3866 ita
985 3803 1113 3870 humani
1140 3807 1225 3889 quid

288 3916 456 3985 identidem
485 3938 594 4000 passus
627 3932 687 3983 est.
752 3917 815 3983 Sed
846 3918 946 4001 ipsam
980 3922 1228 4006 philosophandi

281 4035 467 4119 rationem,
489 4052 582 4116 quarn
607 4035 774 4116 probavit,
796 4053 855 4101 nas
883 4037 957 4106 inem
979 4040 1071 4106 unice
1088 4040 1227 4122 proban·
