2992 5220
532 469 706 538 ...¹19..⁸

152 638 220 718 tio,
257 638 372 721 justam
408 653 467 699 nos
502 633 665 699 instituere
702 629 870 713 quaerendi
901 629 1078 712 rationem,

151 753 271 835 quippe
290 772 308 816 a
326 750 483 817 nobismet
502 748 604 833 ipsis,
624 749 663 815 ab
687 748 836 828 homine,
858 767 877 813 a
903 747 970 812 veri
996 765 1081 812 amo·

150 888 185 936 rc
204 868 325 936 bomini
345 868 450 935 innato
467 865 728 952 proficiscentes;
751 864 852 931 firmat
870 878 971 931 autern
989 880 1078 947 spem

13 1011 17 1025 ·
119 1030 123 1045 .
151 983 235 1051 illam
257 985 389 1067 manime
403 985 452 1048 hic
474 985 544 1068 ipse
565 997 674 1050 noster
693 980 761 1048 veri
781 1001 892 1064 amor,
912 983 1004 1066 cujus
1019 999 1079 1047 no-

153 1101 228 1183 bis,
262 1115 298 1168 ut
327 1102 408 1169 vitae
431 1100 494 1184 ipsi
522 1113 674 1181 nostrae,
702 1097 822 1165 conscii
851 1117 973 1165 sumus.
1017 1097 1080 1165 sud

155 1235 321 1298 sequamur
346 1218 456 1283 ducem
478 1229 635 1283 nostrum.

299 1529 360 1594 Dr
389 1531 531 1594 insito
562 1527 736 1592 narurd
765 1529 925 1594 bomini

464 1648 563 1710 aeri
593 1663 746 1710 amore.

192 1908 282 1975 Plato
310 1907 343 1974 in
374 1908 488 1979 Politia
521 1908 677 1992 ejusmodi
712 1908 806 1975 nobis
835 1908 1079 1992 disputationem

150 2023 303 2108 reliquit,
326 2041 406 2105 quae
433 2041 472 2089 ex
498 2023 566 2107 ipsa
592 2023 690 2107 petita
713 2023 849 2090 hominis
868 2023 996 2105 indole,
1017 2043 1081 2093 utra

149 2143 252 2209 valere
283 2140 414 2206 maxime
444 2139 483 2205 ad
505 2139 646 2206 veritatis
678 2139 891 2207 vindicandam
914 2142 1082 2209 auctorita-

149 2274 211 2328 tem
231 2260 359 2345 possit3
381 2272 414 2325 et
434 2276 509 2324 sane
527 2259 765 2339 adolescentes,
788 2276 869 2339 quos
899 2258 961 2325 illic
981 2248 1083 2326 collo·

149 2392 282 2459 quentes
302 2395 374 2441 cum
397 2374 526 2439 Socrate
545 2371 644 2451 fecit,
666 2375 743 2437 tales
774 2374 944 2455 proposuit
964 2374 1079 2456 nobis,

149 2493 257 2573 quales
289 2507 350 2553 suo
367 2487 430 2571 ipsi
454 2487 580 2567 ingenio
603 2487 732 2551 insitum
759 2486 944 2552 mortalibus
966 2490 1084 2570 prode·

149 2618 218 2672 rent
239 2621 374 2670 amorem
394 2620 472 2671 verr.
497 2601 528 2645 ‘¹’
561 2601 623 2668 Sed
651 2602 712 2667 hoc
744 2603 824 2667 idern
850 2604 919 2669 aliis
944 2607 1083 2674 conscri-
1131 2619 1134 2623 ’

150 2722 261 2790 bcndis
289 2697 438 2806 dialogis,
466 2717 631 2802 inprimis
660 2715 859 2800 Theaeteto,
892 2721 961 2787 data
985 2743 1082 2808 opera

148 2841 234 2924 egit:
258 2854 356 2921 utque
385 2850 536 2921 apparent
566 2834 633 2901 fere
660 2837 798 2902 hominis
829 2840 932 2906 studia
953 2841 1084 2912 fuculta-

147 2973 263 3039 tesque
301 2975 339 3022 co
377 2953 553 3034 illustrius,
588 2973 653 3037 quo
684 2954 725 3020 sit
754 2958 965 3039 praestantius
995 2960 1084 3046 iuge·
1152 2971 1154 2977 ’

149 3077 257 3155 oium,
284 3074 318 3139 in
348 3071 421 3156 quo'
444 3091 478 3138 ea
508 3072 730 3155 exploramus,
768 3073 809 3137 ita
841 3074 872 3139 in
906 3076 966 3142 hoc
986 3079 1081 3147 noble

148 3192 272 3277 dialogo
292 3189 449 3275 perlectae
477 3205 606 3255 naturae
632 3191 858 3258 adolescentem
883 3195 1083 3278 conspicien-

147 3308 224 3374 dum
256 3306 543 3389 explorandumque
575 3305 671 3370 dedit.
717 3305 803 3369 Fecit
833 3306 950 3372 scilicet
977 3309 1084 3389 philo·

149 3424 271 3505 sophus
302 3422 335 3485 in
365 3421 415 3484 his
445 3420 484 3484 de
516 3438 592 3486 vero
620 3419 918 3499 disquisitionibus,
940 3423 1028 3503 quod
1050 3425 1083 3493 in

150 3537 348 3607 sermonibus
378 3537 418 3602 de
446 3538 557 3618 pulcro
587 3549 619 3601 et
648 3554 753 3601 amore
782 3534 965 3618 perfecerat.
1014 3539 1084 3606 Illic

146 3676 211 3727 nos
236 3656 270 3721 iu
296 3654 427 3722 mediam
456 3652 610 3719 continuo
640 3653 797 3719 transtulit
818 3653 919 3737 pulcri
939 3654 1085 3738 philoso-

150 3775 278 3857 phiam,
311 3772 444 3856 imagine
472 3771 564 3837 nobls
591 3771 720 3839 Phaedri
750 3773 982 3855 proponenda,
1010 3777 1084 3856 pul-

1015 3906 1084 3956 cer·

186 4028 231 4100 (ι)
248 4032 292 4086 Da
308 4034 376 4102 nep.
394 4033 448 4089 vl.

583 4138 650 4205 lia
