2992 5220
672 438 874 504 eard-

307 614 468 691 brrbhris,
490 614 669 698 praesertim
690 612 814 682 Persica
823 619 1090 701 contemplemur.
1115 621 1245 687 Natu·

309 743 361 800 rae
381 734 456 798 haec
476 729 557 797 titio
578 746 788 798 consentanea
804 748 875 815 est,
907 737 1069 819 analytica
1088 750 1137 804 est
1162 738 1237 818 illa,

310 868 405 932 quum
431 868 450 915 e
479 848 655 943 dialecticae
673 848 866 916 'Platonicae
896 851 1057 936 principiis
1086 853 1240 919 deelnmre

310 966 517 1034 instituimus.
582 965 665 1031 Nam
696 979 733 1030 ut
762 965 825 1031 huc
856 984 916 1032 nos
947 967 1056 1034 eduxit
1084 968 1123 1034 ab
1147 968 1240 1034 initio

309 1082 518 1162 Herodotus,
549 1083 589 1148 ad
621 1081 761 1167 gentium
793 1101 869 1149 nos·
884 1083 1032 1168 deinceps
1061 1086 1262 1183 singulatim·

309 1216 384 1279 res,
405 1197 593 1281 Lydorum,
615 1198 796 1279 Persarum,
819 1200 1073 1284 Aegyptiorum,
1095 1203 1243 1270 maxime-

310 1333 375 1398 que
394 1313 612 1395 Graeeorum,
633 1333 768 1395 quorum
789 1319 899 1381 caussa
924 1317 1000 1384 haec
1023 1321 1242 1403 exquirimus,

310 1433 349 1503 ad
375 1432 488 1500 horum
513 1431 649 1496 omnium
669 1430 766 1510 igitur
793 1447 843 1494 res
871 1428 1050 1514 singulatim
1078 1436 1242 1502 universe.

310 1567 374 1630 que
401 1543 633 1629 cognoscendas
663 1556 801 1610 attentos
827 1543 923 1627 facit3
966 1565 1027 1616 nos
1059 1564 1172 1617 autem.
1189 1552 1242 1618 lu·

309 1662 419 1727 benter
444 1660 519 1725 haec
544 1677 608 1725 una
637 1678 709 1725 cum
732 1661 813 1727 duce
835 1676 947 1729 nostro
976 1666 1162 1734 suavissimo
1192 1669 1243 1737 in·

308 1777 462 1860 quiritnus
494 1791 526 1843 et
547 1775 807 1862 pervestigamus.
849 1779 1010 1848 Abhorret
1033 1784 1108 1852 haec
1129 1785 1240 1869 epica,

311 1897 392 1979 quae
409 1908 564 1974 vocatur,
586 1894 735 1962 historiae
762 1895 862 1963 forma
884 1918 901 1964 a
922 1914 1115 1968 caeterorum
1140 1903 1244 1969 histo-

309 2012 445 2080 ricorum
471 2012 613 2079 rationes
658 2031 846 2097 quamquam
876 2014 988 2100 optimi
1022 2019 1143 2100 quique
1171 2038 1244 2104 per·

312 2131 410 2209 multa
427 2128 522 2211 inde,
543 2129 649 2213 prouti
668 2131 868 2213 monuimus,
890 2146 927 2198 ut
945 2133 1105 2216 episodia,
1126 2153 1247 2203 sermo·

310 2268 387 2330 nes,
418 2248 600 2327 orationes,
632 2247 872 2328 disquisitiones
900 2267 1130 2336 susceperunt,
1184 2254 1244 2320 sed

310 2364 413 2433 forma
433 2378 534 2430 tamen
556 2379 709 2445 totusque
724 2363 849 2429 habitus
867 2371 906 2430 ab
927 2364 1082 2434 hodierno
1105 2385 1166 2431 usu
1184 2367 1243 2433 ab·

310 2484 440 2549 horret:
486 2501 551 2564 quo
571 2480 706 2561 accidit,
739 2495 777 2546 ut
807 2481 959 2547 mirentur
985 2480 1051 2549 fere
1077 2483 1243 2567 homines,

311 2612 408 2684 quum
428 2600 560 2684 primum
579 2597 618 2663 ad
635 2598 798 2682 legendum
817 2598 1013 2666 Herodotum
1030 2616 1243 2673 accesserunt.

310 2717 489 2792 Nesciunt,
513 2734 578 2795 quo
599 2707 742 2796 spectent
765 2735 844 2798 quae
864 2717 903 2781 de
920 2717 1045 2786 Croeso
1063 2717 1247 2801 Lydorum-

309 2851 374 2917 que
395 2828 544 2916 regibus,
566 2827 605 2893 de
620 2828 710 2911 Cyro
724 2843 754 2893 et
764 2831 925 2911 cambyse
943 2832 1074 2911 copiose
1096 2850 1243 2900 emman.

311 2964 376 3016 tur.
430 2946 516 3015 Idem
539 2945 644 3011 evenit
662 2946 726 3026 iis,
759 2945 814 3027 qui
844 2946 947 3030 legere
976 2945 1139 3014 Platonem
1165 2949 1247 3017 inci·

312 3069 427 3153 piuntt
458 3064 575 3148 pariter
599 3064 632 3129 hi
656 3077 687 3128 et
708 3062 804 3145 magis
823 3060 914 3127 etiam
932 3059 1095 3130 mirantur.
1138 3066 1244 3148 Nam,

312 3187 361 3250 uti
385 3186 445 3249 hoc
464 3181 530 3247 fere
554 3180 683 3262 exigunt
706 3197 723 3243 a
743 3177 959 3262 philosopho,
982 3194 1017 3244 ut
1034 3180 1245 3266 placitapro-

314 3299 417 3366 bando
439 3295 744 3378 demonstrandoque
763 3295 825 3361 sibi
843 3311 979 3380 exponat
993 3310 1024 3362 et
1035 3299 1244 3383 persuadent,

313 3426 489 3501 quaerunt,
512 3412 588 3496 quid
609 3414 753 3495 platanus
774 3411 825 3478 illa
845 3412 878 3477 in
896 3413 1056 3495 Phaedro,
1078 3414 1154 3495 quid
1170 3414 1246 3482 Ilis-

312 3551 389 3612 eus,
424 3530 500 3614 quid
530 3528 707 3613 Agathonis
737 3528 942 3611 convivium,
973 3529 1051 3611 quid
1081 3548 1244 3602 sermones

311 3649 358 3714 illi
388 3647 519 3714 Phaedri
538 3666 610 3713 cum
642 3646 771 3712 Socrate
791 3645 831 3712 de
853 3645 975 3730 Lysia,
996 3646 1036 3711 de
1055 3666 1182 3731 amore,
1204 3651 1248 3719 de

300 3763 516 3848 eloquentiis
561 3762 638 3843 quid
666 3780 715 3828 res
744 3762 873 3827 omnino
906 3775 1041 3845 tenues,
1072 3779 1159 3836 certe
1178 3785 1246 3834 non

313 3880 458 3967 proxime
481 3879 520 3943 ad
545 3878 776 3961 philosophiam
804 3878 1017 3962 pertinentes,
1039 3900 1111 3947 curn
1140 3885 1246 3969 philo·

204 4030 208 4037 .
311 3998 443 4096 ,ophim
469 3996 622 4082 gravitate
653 4012 820 4081 commune
847 3995 1001 4079 habeant:
1042 3999 1101 4071 sed
1125 4000 1239 4080 iidffls

1154 4132 1246 4198 imt-
