2992 5220
772 481 966 558 ...158-

401 676 554 738 suanae
581 674 733 744 tyrannus
760 662 904 745 quovit
933 664 1040 747 potuit
1068 662 1203 746 adduci,
1232 663 1334 734 diade-
1450 729 1453 735 .

400 795 449 849 ma
464 778 553 843 ctiam
575 793 606 843 et
624 791 802 862 purpuram
817 779 985 863 deposuit,
1004 782 1096 849 ecce!
1120 783 1333 866 philosophus

397 895 509 973 venit,
539 894 648 960 habitu
668 895 865 962 abscondens
897 894 975 964 vitia
1004 897 1205 984 gravissima,
1231 901 1335 969 rixam
1448 934 1453 944 ·

396 1009 430 1083 di
460 1011 655 1093 lubidinem,
685 1033 795 1083 vanam
820 1015 975 1102 gloriam,
1008 1019 1208 1101 quaestiones
1235 1018 1336 1103 impe·

398 1129 512 1210 ditas,
555 1149 655 1215 nugas
687 1147 720 1198 et
754 1134 971 1217 quisquilias,
1015 1151 1083 1202 tum
1113 1155 1228 1203 numos
1255 1134 1333 1205 item

399 1266 534 1329 aureos,
559 1252 772 1334 voluptatem,
804 1254 1031 1338 arrogantiam,
1069 1271 1201 1337 eamque
1224 1250 1265 1324 de
1293 1271 1333 1327 sn

395 1365 603 1450 opinionem,
647 1370 737 1453 quasi
763 1371 874 1437 melior
900 1385 984 1439 esset
1008 1371 1137 1439 metetis
1168 1370 1333 1451 omnibus,

394 1480 488 1570 Quae
514 1485 620 1551 omnia
643 1501 812 1569 postquam
841 1488 891 1570 is,
921 1487 1053 1573 jubente
1079 1486 1242 1555 Mercurio
1276 1488 1332 1554 ha-

391 1597 462 1675 bitu
494 1601 663 1684 deposito,
695 1603 866 1686 patefecit,
908 1606 991 1688 proh
1018 1603 1163 1688 Jupiter!
1199 1602 1249 1667 hic
1274 1619 1331 1669 ex·

390 1719 525 1799 clamat,
547 1736 698 1799 quantum
716 1721 776 1784 iste
797 1719 1033 1808 vanissInaarum
1061 1736 1164 1784 rerum
1189 1731 1330 1783 ostentas

390 1831 509 1913 tionem
536 1833 647 1898 affert!
671 1834 770 1900 Mitte
788 1849 824 1900 tu
853 1836 927 1901 haec
959 1835 1089 1918 omnia,
1110 1835 1175 1905 aits
1198 1853 1271 1935 nam
1299 1836 1330 1903 si

391 1968 464 2017 cum
488 1951 557 2017 istis
586 1952 710 2018 cunctis
737 1953 989 2033 conscenderes,
1031 1953 1089 2029 viu
1112 1966 1145 2019 te
1171 1953 1329 2036 quinqua·

389 2067 476 2153 ginta
506 2087 660 2145 remorum
693 2069 782 2136 navis
808 2070 991 2153 acciperet..
1018 2069 1129 2137 Nolim
1152 2046 1227 2141 llaec
1252 2090 1328 2155 por·

388 2202 427 2249 ro
447 2185 613 2267 persequi:
637 2185 801 2253 ridiculum
821 2185 986 2269 negotium
1014 2185 1127 2267 barbae
1143 2186 1328 2268 praesertim

387 2298 481 2367 istius
515 2317 587 2381 cst,
631 2321 693 2384 qua
723 2319 874 2385 perquam
904 2301 966 2367 sibi
995 2304 1154 2386 placuerat
1181 2302 1326 2386 philoso-

388 2416 493 2501 phus:
517 2436 582 2484 non
613 2418 724 2484 tondet
751 2437 819 2485 eam
839 2418 1038 2503 Menippus,
1060 2419 1116 2486 sed
1138 2419 1240 2489 securi
1260 2439 1340 2487 am·-

387 2549 479 2620 putrt
508 2535 654 2617 nauita,
675 2555 734 2620 pro
761 2537 870 2603 codice
890 2556 968 2605 usus
989 2538 1071 2603 scala
1093 2536 1206 2602 nauali.
1240 2535 1321 2620 sed,

387 2652 495 2723 missis
530 2653 616 2734 illis,
660 2672 741 2735 quae
773 2652 863 2739 pueri
891 2655 952 2738 jam
990 2652 1222 2737 cognovimus,
1265 2655 1325 2720 hac

386 2785 495 2835 nostra
517 2784 615 2835 aetate
641 2785 845 2853 reputemus,
889 2790 982 2853 quam
1014 2770 1076 2836 vim
1110 2769 1226 2855 dialogi
1254 2770 1326 2838 Pla·

386 2885 485 2953 tonici
513 2886 546 2951 in
576 2888 755 2954 Lucianeos
774 2887 952 2954 habuerint.
991 2889 1201 2962 vComicorunt
1219 2889 1251 2955 in
1272 2888 1325 2955 iris

386 3005 585 3087 agriosciurus
612 3008 693 3071 sales
719 3005 877 3087 dotesque
908 3003 1123 3086 admirabiles3
1165 3007 1222 3072 sod
1253 3007 1326 3095 pbi-

385 3121 550 3207 hsophiam
573 3125 664 3199 reri,
690 3135 743 3211 'ut
773 3138 840 3184 mm
872 3121 961 3185 Plato
988 3121 1021 3184 in
1050 3120 1193 3203 Gorgia,
1225 3139 1264 3203 eo
1288 3122 1325 3189 in

386 3233 499 3319 primis
526 3236 617 3316 loco,
649 3233 706 3300 ubi
733 3247 932 3319 mortuorum
960 3234 1076 3318 judicia
1101 3247 1248 3317 enarrat,
1267 3253 1323 3303 eu·

386 3352 527 3438 pressit,
571 3354 643 3435 quis
675 3366 724 3419 est
756 3351 813 3434 qui
842 3368 908 3417 non
934 3351 1091 3419 simulet
1110 3367 1262 3436 agnoscat
1289 3368 1324 3421 et

388 3470 596 3540 revereatur?

342 3619 345 3623 ·
428 3588 512 3655 Sunt
542 3587 638 3655 nobis
669 3589 766 3657 multu
792 3587 885 3655 etiam
924 3588 963 3653 de
992 3585 1198 3669 quaestione,
1242 3585 1322 3673 quid

385 3704 551 3774 scribendo
581 3706 768 3790 spectaverit
803 3705 917 3786 Plato,
955 3682 1058 3786 deque
1089 3704 1321 3775 Platoniconun

385 3828 498 3896 natura
522 3825 717 3909 dialogorum
736 3823 942 3907 exquirenda:
989 3822 1177 3905 exploranda
1201 3817 1321 3914 praeci·

384 3960 454 4033 pue
480 3958 529 4007 est
553 3941 719 4007 dialectica
754 3958 862 4005 eorum
896 3938 996 4020 ratio;
1040 3937 1095 4002 sed
1127 3938 1183 4000 hac
1217 3935 1256 4001 de
1285 3953 1321 4003 re

312 4136 313 4140 Ἰ
384 4056 547 4148 deinceps.
592 4056 655 4124 ch
674 4074 741 4123 non
762 4074 932 4139 possumus
949 4071 1017 4123 non
1036 4053 1193 4129 metutam
1216 4068 1323 4123 aman·

1267 4179 1319 4243 io
