2992 5220
684 498 856 563 ..41-

305 675 379 727 runt
405 660 599 726 naturalibus
624 658 678 723 >his
713 657 900 740 optimarum
942 673 1069 738 tunm,
1099 658 1235 725 sincerae

306 774 452 843 scientiae
492 776 698 858 veritatisque
739 773 954 857 appetitibus,
985 773 1137 839 uirtutum
1171 794 1238 842 om·

307 892 392 958 nium
409 907 441 960 et
464 893 633 977 sapientiae
656 891 791 958 semina:
816 891 931 972 quibus
956 891 1041 975 pleni
1068 889 1239 975 refertique

196 1070 200 1081 .
306 1023 339 1074 et
360 1011 447 1092 quasi
477 1008 680 1075 exuberantes
711 1007 849 1092 gestiunt
878 1024 987 1089 parere
1015 1006 1180 1089 aliquando
1207 1022 1241 1078 ct

307 1142 483 1209 procreare.
527 1095 588 1190 His
611 1137 714 1190 auteur
744 1122 853 1204 quidni
881 1124 1025 1206 pulcrum
1057 1142 1127 1191 esse
1153 1125 1239 1193 dica·

308 1258 378 1305 anus
408 1239 497 1321 quasi
521 1239 672 1304 Lucinam
691 1239 877 1321 quamdam?
901 1240 1011 1322 quidni
1038 1259 1173 1308 amorem
1201 1244 1240 1311 iis

307 1372 379 1422 asse
396 1353 548 1421 fateamur
568 1355 672 1439 ipsum
694 1359 730 1420 a'n
746 1357 859 1443 pulcro
874 1361 1038 1444 partum?
1066 1357 1129 1424 Sed
1155 1377 1239 1427 nuuc
1264 1436 1266 1441 ,

308 1487 369 1536 nos
389 1470 463 1539 item
486 1490 599 1538 sensus
619 1489 684 1536 non
715 1474 789 1539 latet
811 1491 942 1553 eorum,
976 1493 1057 1557 quae
1085 1475 1124 1541 de
1147 1475 1248 1571 foetis

308 1586 370 1653 bus
390 1587 567 1654 divitiorum
590 1590 731 1655 virorum
759 1591 864 1656 eadem
887 1590 1107 1674 pronunciavit
1130 1596 1243 1664 mulier

309 1703 511 1788 philosopha.
555 1705 591 1770 In
620 1706 736 1787 quibus
767 1707 852 1792 leges
879 1711 1062 1776 memoravit
1080 1711 1242 1798 Lycurgi,

310 1838 392 1902 quae
403 1821 531 1905 Spartae
551 1822 679 1888 fuerunt
699 1837 731 1889 et
752 1825 915 1891 universae
935 1823 1000 1893 sere
1009 1826 1158 1897 Graeciae
1177 1849 1244 1898 ser·

310 1936 464 2019 varices,
494 1939 579 2023 leges
609 1938 682 2005 item
707 1940 834 2006 Solonis
866 1955 898 2006 et
923 1942 1121 2012 celeberrima
1150 1967 1245 2030 quae·

312 2072 376 2139 que
403 2054 644 2121 clarissimorum
674 2054 813 2122 virorum
841 2057 986 2140 inventa,
1008 2076 1138 2145 propter
1161 2081 1244 2144 quos

311 2168 428 2254 natos‚'
450 2172 577 2256 ingenio
597 2186 725 2256 partos,
748 2172 869 2258 adjicit,
892 2177 1008 2259 templa
1038 2175 1076 2243 iis
1107 2191 1139 2244 et
1160 2198 1246 2247 sacra

311 2290 410 2358 dicata
438 2306 513 2358 sunt
543 2291 696 2374 pluriana3
726 2308 858 2375 propter
880 2293 1032 2358 humanos
1053 2312 1156 2376 vero,
1177 2298 1262 2361 nul-⁹

310 2411 352 2475 la.
395 2409 433 2476 ln
459 2409 509 2473 his
537 2409 618 2473 enim
651 2409 788 2472 omnium
808 2408 971 2488 'anaxime‚
994 2425 1074 2486 quae
1096 2408 1141 2473 iis
1159 2409 1246 2474 intus

312 2525 411 2590 hietat
429 2522 534 2590 divina
553 2521 692 2602 indoles3
724 2522 842 2604 pulcris
866 2521 1042 2604 spectandis
1065 2522 1246 2608 diligendis·

313 2658 398 2723 que,
420 2654 486 2707 tota
504 2638 553 2706 est
572 2638 703 2704 excitata
721 2638 881 2721 adipsum
904 2640 1155 2722 persequendum
1174 2643 1246 2724 pul·

311 2777 420 2838 crum,
453 2757 517 2823 imo
545 2774 622 2822 vero
644 2754 830 2821 inflammata
854 2769 902 2820 est
931 2756 969 2820 ad
998 2756 1130 2840 ipsum,
1158 2760 1253 2851 quod¹

311 2892 424 2960 perse
443 2888 475 2941 et
494 2873 613 2939 bonum
647 2887 695 2939 est
725 2888 757 2938 et
783 2873 904 2956 justum
933 2887 966 2940 et
998 2873 1116 2942 civitati
1148 2878 1247 2963 uuio,

312 2994 351 3059 ad
371 2992 533 3059 civitatum
556 2993 685 3057 salutent
706 2989 930 3057 adhibendum.
955 2991 986 3035 θ)

353 3109 391 3176 In
412 3108 530 3194 quibus
561 3109 709 3194 placitis,
732 3109 759 3174 si
790 3109 862 3190 quis
888 3109 1048 3193 poeticum
1068 3127 1252 3196 aspernatur

312 3229 472 3309 colorem,
495 3225 550 3309 qui
561 3245 578 3290 a
590 3225 794 3309 philosophia
808 3225 929 3292 alienus
947 3242 1096 3311 putatur,
1108 3229 1186 3295 illud
1195 3211 1256 3296 co·'

315 3343 471 3424 giemus,
493 3341 576 3407 haud
607 3340 775 3404 abhorrere
805 3339 864 3404 ista
889 3340 1118 3406 anaturalibus
1139 3343 1252 3409 mentis

314 3459 466 3525 humanae
494 3455 703 3535 notionibus,
733 3472 814 3536 quae
839 3455 956 3540 linguis
977 3457 1164 3539 dicendique
1189 3478 1252 3527 usu

313 3591 479 3659 expressae
507 3588 539 3640 et
569 3572 658 3654 quasi
688 3570 892 3655 consignatae
923 3588 1011 3639 sunt.
1064 3573 1145 3661 Quis
1171 3575 1255 3645 enim

314 3693 478 3780 populus,
511 3691 618 3776 paullo
656 3689 781 3771 quidem
811 3689 945 3769 cultior,
978 3695 1035 3757 sua
1061 3708 1126 3758 non
1147 3692 1256 3780 lingua

315 3811 370 3878 has
394 3809 505 3895 ipsas,
538 3806 655 3890 quibus
689 3824 749 3872 nos
781 3806 830 3871 usi
861 3824 994 3888 sumus,
1023 3826 1119 3876 voces
1145 3810 1257 3878 dictio·
1354 3799 1362 3809 ’

1182 3946 1257 3997 nea·

355 4036 395 4106 (ι)
414 4019 511 4108 ’ὃγωμ
533 4058 593 4110 ²⁰9·
617 4038 661 4092 ct.
683 4057 762 4108 supra
785 4038 850 4095 vol.
874 4039 898 4093 1.
915 4057 942 4109 p.
962 4040 1020 4094 aaa
