2992 5220
802 457 982 525 σεο-

427 625 582 706 libenter,
605 636 640 691 ul
670 626 705 695 in
736 625 809 691 haee
836 624 1009 708 sapientiae
1033 627 1200 708 penetralis
1229 630 1360 698 interius

429 756 617 826 penetrent,
648 759 681 811 et
701 743 889 822 nobiscum,
922 741 1037 823 siqua
1064 743 1260 827 repererint,
1279 767 1367 814 com·

428 862 610 941 municent;
632 859 687 926 sed
709 871 996 942 quaerentes,quo
1017 858 1363 930 muimeconsiliotam

427 981 593 1064 diligenter
621 976 665 1042 illi
691 988 838 1043 numeros
865 986 1040 1058 eorumque
1070 977 1206 1045 rationes
1225 979 1372 1047 ammio.

426 1095 513 1174 rint,
535 1094 618 1161 haud
636 1111 712 1160 sane
739 1093 802 1161 illis
830 1093 975 1162 assentiri
998 1113 1196 1178 possumus,
1227 1096 1283 1179 qui
1309 1115 1364 1163 eos

337 1224 344 1241 ⁴
424 1229 504 1276 rana
531 1210 635 1277 omnia
660 1225 692 1277 et
716 1210 817 1278 inanit
845 1209 1021 1278 somniasse
1050 1210 1214 1280 affirmant.
1278 1213 1364 1280 Idem

425 1324 574 1393 videntur
596 1327 628 1393 in
656 1328 707 1394 bis
732 1327 881 1394 omnibus
909 1326 1125 1408 spectavisse,
1159 1329 1248 1408 quod
1273 1346 1366 1411 spec-

427 1441 507 1509 ttvit
531 1444 644 1513 deinde
668 1445 783 1520 Plato,
805 1455 841 1505 ut
867 1439 1038 1520 haberent,
1060 1458 1126 1521 quo
1152 1442 1220 1507 veri
1243 1442 1367 1509 deside·

429 1559 510 1627 rium
537 1559 699 1644 explerent
718 1568 811 1621 suum
835 1569 868 1621 et
896 1572 999 1621 rerum
1027 1554 1190 1622 scientiam
1218 1577 1367 1642 asseque-

427 1684 554 1738 renturt
597 1690 784 1753 quamquam
814 1669 865 1736 his
895 1669 1012 1738 finibus
1045 1690 1172 1740 senon
1201 1675 1369 1743 continue·

426 1801 513 1855 nant·
578 1786 739 1855 Numeros
778 1807 844 1854 non
882 1788 1092 1856 adhibuerunt
1126 1791 1266 1857 veritatis
1303 1792 1366 1858 sibi

425 1905 701 1987 repraesentandae
733 1922 863 1986 mussa,
906 1907 962 1972 sed
995 1907 1075 1990 ipsis
1109 1928 1165 1974 eos
1197 1909 1292 1974 rebus
1318 1913 1368 1975 vi·

426 2022 541 2090 dentur
570 2023 698 2107 potiore
732 2025 805 2088 loco
845 2022 1017 2103 babuisse,
1060 2039 1097 2088 ut
1127 2042 1202 2105 res,
1243 2029 1286 2096 ni
1319 2029 1367 2096 θν-

425 2164 496 2214 ra.
538 2152 739 2205 numerorum
772 2134 836 2203 esse
865 2134 1038 2220 imagines,
1078 2157 1227 2206 numeros
1258 2159 1363 2207 earum

427 2259 538 2331 τντνὺτ
574 2253 801 2322 existimarent.
866 2254 963 2341 Quod
995 2255 1200 2336 probabiliter
1236 2246 1367 2323 delion·

428 2370 540 2438 stravit
581 2370 652 2437 sive
692 2369 882 2435 Arlstoteles
920 2368 1077 2451 sireis,
1122 2371 1178 2454 qui
1218 2374 1366 2458 escrip·

428 2486 472 2555 tis
512 2484 694 2573 Aristotelis
729 2483 867 2566 primum
899 2481 1038 2552 coniecit
1071 2485 1364 2572 Metaphysicorum
1473 2478 1476 2483 ’

427 2603 567 2681 librum,
588 2599 645 2681 qui
672 2599 742 2684 ejus
770 2601 899 2668 nomine
920 2601 1121 2671 inscribitur.
1165 2605 1247 2670 Nam
1276 2621 1366 2688 post-

428 2737 521 2801 quam
562 2717 743 2785 lonicorum
779 2719 917 2786 laudavit
954 2718 988 2787 in
1020 2722 1221 2804 exquirendis
1260 2740 1364 2788 rerum

428 2832 549 2907 caussis
579 2847 734 2915 conatus,
767 2834 982 2919 Pythagorei,
1002 2838 1070 2920 ait,
1092 2848 1149 2908 τῶν
1178 2841 1365 2920 μαθνμτθτων

332 2964 335 2969 “
428 2954 581 3037 αθψνθμενιι
611 2960 744 3036 πρῶτον.
775 2960 878 3024 ταῦτα
909 2962 1063 3038 etonem,
1091 2957 1143 3024 καὶ
1167 2958 1365 3040 ἐντραφέντες

428 3072 460 3141 ἐν
485 3076 611 3151 αὐτοῖς,
642 3073 700 3146 τὰς
725 3072 838 3140 τούτων
864 3073 969 3155 ἀρχὰς
997 3079 1055 3140 τῶν
1073 3072 1162 3141 ὄντων
1187 3076 1289 3158 ἀρχὰς
1309 3074 1367 3157 piti-

428 3189 520 3263 utar
544 3185 619 3255 εἶναι
639 3187 775 3256 πάντων·
797 3189 863 3255 ἐπεὶ
884 3190 915 3256 δὲ
937 3191 1049 3257 τούτων
1078 3194 1105 3258 oi
1131 3191 1245 3273 ιὶριθμιὶ
1271 3193 1365 3274 Φύσει

430 3308 557 3383 πρῶτον,
581 3304 611 3367 ἒν
630 3304 661 3369 δὲ
686 3312 748 3375 ταῖς
771 3305 900 3386 ἀριθμοῖς
921 3307 1034 3375 &intus
1053 3308 1164 3389 θεωρεῖν
1188 3308 1366 3388 epotatura

429 3418 535 3486 ’πολλὰ
556 3425 620 3489 tois
640 3414 702 3487 οὖσι
725 3420 777 3485 καὶ
796 3423 981 3504 γιγνομέναις
998 3428 1119 3505 μᾶλλον
1140 3425 1205 3501 ἢέν
1226 3423 1294 3503 eorl
1312 3425 1365 3490 καὶ

430 3543 473 3615 γῆ
505 3534 555 3601 καὶ
584 3531 695 3613 ὕδατι,
717 3566 766 3585 ·-
785 3537 830 3604 ἔτι
853 3542 884 3607 δὲ
907 3540 958 3607 καὶ
979 3547 1036 3608 τῶν
1057 3541 1218 3621 apportent
1237 3541 1267 3606 ἐν
1286 3542 1368 3622 ἀριθ-

430 3660 498 3732 μιθς
518 3654 637 3733 δρῶντες
662 3654 712 3720 καὶ
742 3654 785 3721 ταὶ
813 3656 895 3731 ruiis
924 3657 974 3723 καὶ
1002 3656 1071 3727 τοὺς
1090 3653 1222 3731 λόγους,
1243 3657 1367 3725 ἐπειδὰν

393 3826 408 3837 .
430 3769 474 3836 tri
499 3771 555 3848 pli
580 3770 664 3837 ι’λλιι
688 3780 750 3844 trie
771 3771 901 3851 aiptipaoie
926 3770 1068 3852 ἐφαίνετο
1093 3771 1146 3846 τὴν
1165 3771 1258 3852 Φύσιν
1277 3776 1367 3855 ἑΦω·

430 3887 569 3967 mintius
599 3892 715 3966 πᾶσιν,
754 3890 780 3954 oi
809 3887 840 3954 δὲ
874 3886 987 3967 animi
1021 3886 1122 3963 τόσην
1153 3894 1209 3962 rit
1243 3887 1366 3969 Φύσεως

432 4010 562 4088 πρῶτον,
588 4004 639 4085 τὸ
660 4010 736 4075 τῶν
756 4005 938 4088 ἀριθμῶν
957 4014 1130 4088 sarzeia
1149 4010 1225 4073 erit
1243 4002 1368 4072 θντων

1294 4142 1366 4189 sot·
