2992 5220
838 425 1027 492 ..ψα-

470 589 627 656 hominem
644 603 735 656 acute
762 589 914 672 persentit
935 608 974 656 eo
1003 563 1129 673 ingenio
1152 589 1327 672 praeditum
1347 607 1399 658 es-

468 724 525 789 se,
554 708 594 772 de
618 723 684 787 quo
712 720 800 771 antea
828 704 923 772 fuerit
950 705 1167 789 disputatum,
1189 721 1221 772 et
1250 707 1395 775 siceum

466 841 538 889 esse
566 822 682 888 talibus
714 822 911 889 sermonibus
945 822 984 887 ad
1020 822 1092 886 talia
1122 825 1394 905 compellandum:

467 937 495 1004 is
525 939 568 1006 ita
599 939 794 1022 instructus,
839 957 910 1004 cum
951 939 988 1004 ad
1020 937 1182 1021 superiora
1220 938 1396 1024 adiunxerit

461 1039 561 1138 'larem
592 1072 629 1123 nt
663 1056 815 1140 loq'u'endi
848 1055 1065 1136 titcoridique,
1100 1069 1133 1120 et
1158 1060 1396 1142 βραχυλογίας.

464 1178 705 1256 instatuatae,
737 1177 911 1251 δεινώσεως,
938 1173 1195 1257 singularumque
1220 1173 1395 1254 specierum

395 1337 399 1344 -
463 1290 613 1356 orationis
640 1306 672 1356 et
693 1290 962 1375 opportunitatem
983 1304 1014 1356 et
1042 1287 1311 1377 importunitatem
1332 1287 1398 1354 dis·

462 1418 568 1472 cernat
591 1419 738 1488 recteque
761 1419 958 1490 cognoscat3
993 1405 1042 1483 is,
1065 1403 1216 1484 inquam,
1247 1418 1315 1468 tum
1342 1405 1400 1472 de·
1428 1401 1441 1473 j

368 1525 373 1534 '
465 1542 550 1589 mum
581 1523 661 1589 bene
693 1518 895 1602 perfecteque
918 1531 1021 1582 artem
1052 1516 1193 1601 tenebit,
1217 1533 1306 1585 antor
1326 1538 1394 1586 non

461 1638 601 1705 tenebit:
624 1649 657 1700 et
680 1635 872 1716 quicumque
901 1633 1014 1697 horum
1045 1650 1239 1716 quocunqne
1259 1634 1328 1701 sive
1346 1635 1398 1701 di·

460 1752 561 1832 cendo
584 1751 654 1817 sive
672 1750 816 1816 docendo
843 1750 912 1816 sive
932 1749 1098 1816 scribendo
1128 1751 1286 1832 caruerit,
1307 1742 1395 1819 dix'e·

438 1830 599 1934 1rlt⁸vero
619 1888 653 1934 se
683 1881 756 1936 arte
780 1866 907 1949 dicere,
929 1867 985 1950 qui
1007 1885 1074 1934 non
1102 1867 1131 1934 ei
1153 1867 1246 1935 fidem
1272 1869 1392 1952 habet,

461 1987 579 2054 vincet.
603 1984 635 2027 ω

499 2103 588 2169 Haec
616 2102 674 2169 alia
702 2119 778 2169 sane
800 2102 955 2168 rhetorica
983 2117 1056 2184 est,
1088 2117 1183 2186 atque
1220 2104 1271 2169 illa
1303 2101 1391 2190 fuit,

461 2238 540 2304 quae
560 2218 593 2285 in
624 2220 742 2286 scholis
767 2220 876 2286 tradita
896 2219 1070 2286 recentiore
1089 2234 1187 2286 aetate
1205 2235 1267 2288 eet.
1302 2220 1392 2288 Con-

458 2339 575 2406 tinebat
604 2355 639 2404 ea
670 2335 759 2417 fere,
788 2356 867 2418 quae
893 2351 1024 2420 tropos,
1066 2335 1204 2421 figuras,
1236 2337 1389 2404 orationis

457 2455 631 2538 periodos,
664 2453 775 2519 similia
802 2467 1002 2535 spectarent,
1035 2470 1178 2535 quaeque
1202 2471 1267 2518 non
1296 2450 1390 2537 igno·

459 2592 526 2642 rare
554 2586 708 2637 oratorem
735 2571 846 2651 decet,
883 2571 933 2640 'ab
963 2575 1033 2655 arpi
1068 2573 1121 2640 ab
1152 2573 1384 2653 inrupturi,

459 2703 496 2754 ut
533 2710 550 2753 a
577 2692 706 2755 Platone
732 2702 914 2769 vocantur3
938 2687 1037 2770 ipsam
1068 2687 1274 2767 rhetoricam,
1307 2704 1390 2769 quae

456 2805 600 2890 proxime
630 2817 678 2866 est
692 2822 764 2865 curn
785 2803 993 2883 philosophia
1015 2804 1203 2883 conjuncta,
1225 2819 1288 2864 non
1310 2819 1411 2866 con··

454 2924 596 3004 tinebat,
617 2934 654 2986 ut
685 2916 815 2984 referret
836 2918 928 2998 plane
951 2927 1093 2979 veterum
1121 2912 1255 2978 istorum
1280 2915 1388 2981 rheto-

456 3050 526 3109 rum
559 3055 592 3106 et
612 3036 824 3121 sophistarum
850 3047 942 3097 artes.
985 3027 1175 3094 Platonicam
1206 3048 1282 3095 vero
1309 3032 1387 3098 doc-

455 3160 568 3224 trinam
599 3153 684 3220 omni
712 3170 789 3217 aevo
818 3148 991 3214 retulerunt
1026 3144 1218 3228 optimorum
1242 3149 1389 3232 philoso-

454 3276 612 3358 phorum,
636 3267 746 3349 quide
772 3265 828 3329 hac
848 3277 913 3329 arte
939 3276 1093 3346 egerunt,
1126 3263 1254 3347 scripta.
1299 3267 1384 3337 Nam

455 3404 493 3455 ιιι
526 3384 682 3454 dialectiea
712 3381 870 3460 Platonis,
911 3381 952 3447 ita
983 3381 1057 3446 haec
1086 3382 1224 3465 ejusdem
1251 3383 1388 3450 rhetori·

452 3516 518 3589 ca,
535 3503 617 3570 viam
645 3516 675 3567 et
703 3497 869 3566 Aristoteli
902 3514 933 3564 et
964 3517 1038 3564 vero
1071 3499 1219 3564 Ciceroni
1244 3501 1389 3585 stravit,

449 3638 493 3690 'ut
511 3625 604 3691 ,tanta
630 3619 798 3701 aliquando
823 3635 895 3681 cum
921 3614 1105 3700 diligentia,
1120 3625 1123 3631 ·
1139 3617 1308 3700 elegantia,
1329 3636 1388 3684 co-

432 3735 521 3827 'pi'i'
536 3739 575 3805 de
599 3737 778 3825 gravissima
806 3749 871 3800 arte
905 3732 1105 3797 dissererent.
1148 3732 1385 3815 Disputationis

445 3889 451 3895 ·
503 3876 519 3927 ,ι
988 3880 990 3886 ·
1119 3890 1124 3897 ·
1313 3871 1387 3919 ac·

444 3990 451 4027 ἶ
488 3986 919 4066 &imminuam-272·
936 3982 985 4038 Bs
1026 4009 1030 4017 ·

442 4118 449 4131 ⁹
490 4116 499 4149 l
