2992 5220
841 507 888 529 .-
913 473 973 536 126
994 504 1038 519 ··-

469 654 596 734 sissima
622 650 737 732 omnia.
780 651 924 720 lnfiuitae
951 669 1083 721 numero
1110 668 1141 720 ct
1161 652 1312 722 varietate·
1328 657 1412 724 ede·

440 836 442 840 Α
469 773 585 849 bantur
612 773 681 856 ejus
707 783 808 841 aetate
831 768 1092 853 philosophorum
1121 769 1402 855 sophistarumque

439 906 442 912 ’
467 891 605 972 scripta,
628 887 744 969 quibus
774 887 933 971 ingenium
958 887 1205 978 sapientiamque
1222 906 1310 954 suam
1332 902 1404 955 stu·

467 1007 556 1095 penti
583 1004 778 1073 multitudini
805 1005 968 1070 ostendere
987 1019 1019 1077 et
1045 1004 1180 1087 probare
1206 1004 1402 1073 studebunte

466 1125 537 1210 ipse
571 1122 726 1191 scribebat
758 1120 850 1188 nihil.
914 1119 1095 1195 Resonabat
1120 1118 1262 1203 quotidie
1293 1118 1401 1189 fotura

466 1243 668 1328 politicorum
713 1238 876 1331 horninunr
923 1237 1144 1318 orationibus,
1202 1237 1319 1321 quibus
1361 1238 1402 1305 ad

468 1379 607 1438 summos
635 1360 668 1423 in
697 1356 858 1441 republica
887 1354 1083 1431 auctoritatis
1113 1355 1227 1440 gradus
1254 1356 1402 1431 escende-
1441 1374 1443 1379 ’

467 1478 565 1544 bant:
589 1478 678 1561 ipse,
701 1474 763 1541 nisi
779 1486 929 1552 coactus,
955 1491 1125 1554 numquam
1153 1470 1275 1540 dicebat
1295 1472 1402 1554 publi·

466 1614 516 1662 ee.
567 1595 655 1680 Quae
681 1612 746 1674 quo
774 1591 878 1657 minus
911 1591 1154 1675 aggrederetur,
1195 1610 1260 1658 non
1288 1592 1400 1659 intem·

457 1710 591 1804 'pestivh
613 1708 814 1775 retinebatur
844 1707 1018 1787 modestlh,
1063 1728 1144 1790 quae
1181 1709 1281 1777 civem
1306 1710 1401 1778 dede·

467 1839 541 1891 cett
570 1824 831 1906 quotiescumque
855 1822 956 1907 ipsius
984 1843 1094 1893 vocem
1128 1826 1308 1911 postulabat
1337 1815 1424 1896 res-¹

469 1941 616 2024 publica,
639 1940 687 2005 uti
716 1940 771 2004 illo
799 1954 961 2023 tempore,
985 1959 1050 2023 quo
1079 1941 1186 2008 insana
1205 1942 1400 2025 multitudo,

468 2056 685 2143 ademagogis
716 2055 894 2138 concitata,
917 2057 950 2123 in
970 2056 1056 2123 cives
1076 2057 1219 2124 insontes
1246 2058 1401 2144 judicium
1481 2048 1490 2071 '

467 2191 533 2245 erat
560 2174 828 2258 pronuntiatura,
862 2188 929 2239 turn
959 2173 1012 2241 ille
1038 2173 1073 2239 in
1104 2188 1237 2255 senatu,
1269 2173 1303 2240 in
1330 2189 1400 2242 tota

467 2289 593 2356 civitate
622 2309 704 2355 unus
733 2304 819 2372 erat,
859 2290 916 2372 qui
945 2289 1047 2359 dicere
1072 2310 1132 2375 pro
1159 2291 1282 2376 justitia
1307 2294 1404 2363 tude·

468 2418 528 2474 tet.
585 2408 647 2474 Sed
673 2408 813 2492 pudebat
842 2408 946 2474 virum
979 2427 1125 2493 magnum
1150 2423 1183 2476 et
1212 2408 1311 2477 fenne
1335 2410 1401 2478 sin·

468 2527 626 2610 gularem,
649 2541 764 2610 sponte
782 2526 1002 2592 addicendum
1031 2526 1180 2610 prodire,
1203 2527 1293 2612 quasi
1312 2530 1401 2596 solus
1431 2572 1434 2578 -

468 2658 555 2713 esset
592 2628 731 2727 dignus,
762 2643 843 2726 qui,
874 2642 1051 2709 tacentibus
1081 2644 1250 2727 omnibus,
1282 2645 1405 2713 audire·

470 2776 542 2827 tur:
571 2760 708 2845 pudebat
735 2760 848 2826 imitari
879 2761 948 2828 sive
972 2759 1156 2843 sophistas,
1185 2761 1242 2843 qui
1264 2761 1404 2829 vendita·

471 2894 540 2946 rent
571 2883 694 2964 populo
719 2878 895 2947 doctrinam
921 2896 1029 2959 suana,
1063 2877 1131 2944 sive
1156 2893 1317 2959 oratores,
1345 2880 1404 2963 qui

469 3018 577 3065 verum
608 3000 817 3082 justumque,
860 3001 1025 3080 ipsamque
1058 2995 1281 3079 rempublicam
1312 2996 1405 3064 flocci

471 3115 645 3194 facientes,
666 3115 797 3180 dicendo
823 3114 974 3180 inservire
1002 3133 1077 3180 suae
1110 3113 1307 3195 auctoritati,
1329 3131 1407 3181 suae

474 3230 619 3298 avaritiae
642 3232 842 3315 quaerebant.
886 3232 970 3300 Esse
997 3232 1102 3297 bonus
1121 3245 1155 3297 et
1170 3231 1325 3320 excellens
1341 3229 1407 3296 vir·

474 3365 567 3431 tute,
599 3369 664 3416 noa
694 3351 812 3431 videri,
829 3352 989 3432 =nolebat,
1027 3367 1084 3415 nec
1106 3366 1184 3415 vero
1216 3347 1406 3419 detrectabat

472 3470 707 3552 rempublicam.
750 3468 829 3534 Non
859 3485 924 3535 erat
941 3468 1021 3536 civis
1039 3469 1072 3533 in
1090 3472 1160 3535 tota
1180 3465 1332 3550 civitate,
1351 3461 1408 3550 qui

473 3586 590 3651 civium
615 3587 707 3652 saluti
734 3587 954 3669 provehendae
973 3585 1168 3668 prospiceret
1190 3583 1307 3670 tnagis.
1340 3583 1405 3650 Alii

475 3698 661 3785 peregrinari
685 3704 717 3769 in
742 3703 815 3768 alias
844 3717 966 3782 terras,
1000 3702 1068 3768 sive
1097 3701 1313 3787 cognitionis,
1337 3699 1408 3765 site

479 3835 650 3901 quaestus,
672 3821 740 3887 sive
772 3818 990 3886 oblectationis
1020 3819 1139 3903 gratia:
1162 3818 1216 3883 ille
1237 3814 1324 3881 domi
1341 3832 1407 3883 ma*

477 3953 553 4003 nere
576 3951 608 4001 et
636 3954 678 4000 ne
701 3953 866 4004 occurrere
890 3934 1016 4018 quidem
1048 3935 1141 4000 animi
1167 3952 1275 4000 caussa
1296 3932 1330 4000 in
1346 3947 1428 4016 ter-0

478 4072 529 4123 rus
554 4052 693 4122 veiam
734 4053 889 4133 ubam,
908 4049 1066 4135 dicebat,
1095 4052 1209 4121 nolunt
1238 4069 1292 4120 rue
1311 4050 1410 4131 ¹quiti-

1315 4181 1406 4245 quam
