<?xml version="1.0" encoding="UTF-8"?>
<!DOCTYPE html PUBLIC "-//W3C//DTD XHTML 1.0 Transitional//EN"
    "http://www.w3.org/TR/xhtml1/DTD/xhtml1-transitional.dtd">
<html xmlns="http://www.w3.org/1999/xhtml" xml:lang="en" lang="en">
 <head>
  <title>
</title>
<meta http-equiv="Content-Type" content="text/html;charset=utf-8" />
  <meta name='ocr-system' content='tesseract 3.04.00' />
  <meta name='ocr-capabilities' content='ocr_page ocr_carea ocr_par ocr_line ocrx_word'/>
</head>
<body>
  <div class='ocr_page' id='page_1' title='image "./initiaphilosoph01heusgoog_0109.png"; bbox 0 0 2992 5220; ppageno 0'>
   <div class='ocr_carea' id='block_1_1' title="bbox 814 462 987 523">
    <p class='ocr_par' dir='ltr' id='par_1_1' title="bbox 814 462 987 523">
     <span class='ocr_line' id='line_1_1' title="bbox 814 462 987 523; baseline -0.006 -12"><span class='ocrx_word' id='word_1_1' title='bbox 814 462 987 523; x_wconf 74' lang='lat'>..82-</span> 
     </span>
    </p>
   </div>
   <div class='ocr_carea' id='block_1_2' title="bbox 377 636 1379 3877">
    <p class='ocr_par' dir='ltr' id='par_1_2' title="bbox 438 636 1366 748">
     <span class='ocr_line' id='line_1_2' title="bbox 438 636 1366 748; baseline 0.001 -40"><span class='ocrx_word' id='word_1_2' title='bbox 438 644 503 726; x_wconf 90' lang='lat' dir='ltr'><strong>pari</strong></span> <span class='ocrx_word' id='word_1_3' title='bbox 529 661 600 739; x_wconf 88' lang='lat' dir='ltr'><strong>cunr</strong></span> <span class='ocrx_word' id='word_1_4' title='bbox 636 642 800 748; x_wconf 74' lang='lat' dir='ltr'><strong>prudentii¹</strong></span> <span class='ocrx_word' id='word_1_5' title='bbox 829 656 861 705; x_wconf 89' lang='lat' dir='ltr'><strong>et</strong></span> <span class='ocrx_word' id='word_1_6' title='bbox 886 640 1209 733; x_wconf 63' lang='lat' dir='ltr'><strong>accommodantia·</strong></span> <span class='ocrx_word' id='word_1_7' title='bbox 1256 636 1366 709; x_wconf 77' lang='lat' dir='ltr'><strong>Note</strong></span> 
     </span>
    </p>

    <p class='ocr_par' dir='ltr' id='par_1_3' title="bbox 436 757 1371 861">
     <span class='ocr_line' id='line_1_3' title="bbox 436 757 1371 861; baseline 0.004 -37"><span class='ocrx_word' id='word_1_8' title='bbox 436 773 482 861; x_wconf 82' lang='lat' dir='ltr'><strong>rat</strong></span> <span class='ocrx_word' id='word_1_9' title='bbox 512 759 564 861; x_wconf 78' lang='lat' dir='ltr'><strong>ill¹c</strong></span> <span class='ocrx_word' id='word_1_10' title='bbox 573 759 751 857; x_wconf 77' lang='grc' dir='ltr'><strong>ΙιιιιιιιιιιΙ</strong></span> <span class='ocrx_word' id='word_1_11' title='bbox 754 758 994 845; x_wconf 80' lang='lat' dir='ltr'><strong>Atheniensium</strong></span> <span class='ocrx_word' id='word_1_12' title='bbox 1024 757 1166 840; x_wconf 88' lang='lat' dir='ltr'><strong>animos,</strong></span> <span class='ocrx_word' id='word_1_13' title='bbox 1199 776 1371 842; x_wconf 79' lang='lat' dir='ltr'><strong>perspext</strong></span> 
     </span>
    </p>

    <p class='ocr_par' dir='ltr' id='par_1_4' title="bbox 435 852 1373 1551">
     <span class='ocr_line' id='line_1_4' title="bbox 435 852 1367 977; baseline 0.002 -37"><span class='ocrx_word' id='word_1_14' title='bbox 435 852 505 955; x_wconf 79' lang='lat' dir='ltr'><strong>rat,</strong></span> <span class='ocrx_word' id='word_1_15' title='bbox 517 875 647 977; x_wconf 83' lang='lat' dir='ltr'><strong>quibus</strong></span> <span class='ocrx_word' id='word_1_16' title='bbox 677 875 809 971; x_wconf 82' lang='lat' dir='ltr'><strong>maxime</strong></span> <span class='ocrx_word' id='word_1_17' title='bbox 828 875 913 963; x_wconf 81' lang='lat' dir='ltr'><strong>titiis</strong></span> <span class='ocrx_word' id='word_1_18' title='bbox 937 875 1135 961; x_wconf 81' lang='lat' dir='ltr'>laborarent,</span> <span class='ocrx_word' id='word_1_19' title='bbox 1157 873 1300 955; x_wconf 88' lang='lat' dir='ltr'><strong>quibus</strong></span> <span class='ocrx_word' id='word_1_20' title='bbox 1292 890 1367 941; x_wconf 84' lang='lat' dir='ltr'><strong>rtem</strong></span> 
     </span>
     <span class='ocr_line' id='line_1_5' title="bbox 438 960 1373 1089; baseline -0.001 -31"><span class='ocrx_word' id='word_1_21' title='bbox 438 968 623 1089; x_wconf 80' lang='lat' dir='ltr'><strong>virtutibus¹</strong></span> <span class='ocrx_word' id='word_1_22' title='bbox 648 960 854 1085; x_wconf 80' lang='lat' dir='ltr'><strong>excellerent.</strong></span> <span class='ocrx_word' id='word_1_23' title='bbox 899 993 964 1081; x_wconf 78' lang='lat' dir='ltr'><strong>ista</strong></span> <span class='ocrx_word' id='word_1_24' title='bbox 995 992 1241 1079; x_wconf 86' lang='lat' dir='ltr'><strong>reprehendebat</strong></span> <span class='ocrx_word' id='word_1_25' title='bbox 1281 990 1373 1061; x_wconf 87' lang='lat' dir='ltr'><strong>omni</strong></span> 
     </span>
     <span class='ocr_line' id='line_1_6' title="bbox 440 1108 1369 1207; baseline 0.002 -34"><span class='ocrx_word' id='word_1_26' title='bbox 440 1110 698 1207; x_wconf 80' lang='lat' dir='ltr'><strong>opportunitate,</strong></span> <span class='ocrx_word' id='word_1_27' title='bbox 732 1112 786 1197; x_wconf 89' lang='lat' dir='ltr'><strong>has</strong></span> <span class='ocrx_word' id='word_1_28' title='bbox 818 1109 984 1174; x_wconf 82' lang='lat' dir='ltr'><strong>identidem</strong></span> <span class='ocrx_word' id='word_1_29' title='bbox 1020 1108 1205 1175; x_wconf 87' lang='lat' dir='ltr'><strong>celebrabat.</strong></span> <span class='ocrx_word' id='word_1_30' title='bbox 1269 1108 1369 1177; x_wconf 85' lang='lat' dir='ltr'><strong>Falsis</strong></span> 
     </span>
     <span class='ocr_line' id='line_1_7' title="bbox 438 1224 1370 1321; baseline -0.003 -28"><span class='ocrx_word' id='word_1_31' title='bbox 438 1245 493 1293; x_wconf 90' lang='lat' dir='ltr'><strong>eos</strong></span> <span class='ocrx_word' id='word_1_32' title='bbox 509 1228 800 1321; x_wconf 84' lang='lat' dir='ltr'><strong>¹praejudicatisque</strong></span> <span class='ocrx_word' id='word_1_33' title='bbox 823 1224 1026 1309; x_wconf 74' lang='lat' dir='ltr'><strong>opinionibus</strong></span> <span class='ocrx_word' id='word_1_34' title='bbox 1049 1225 1222 1305; x_wconf 90' lang='lat' dir='ltr'><strong>liberabat,</strong></span> <span class='ocrx_word' id='word_1_35' title='bbox 1252 1231 1301 1292; x_wconf 85' lang='grc' dir='ltr'><strong>ιιι</strong></span> <span class='ocrx_word' id='word_1_36' title='bbox 1307 1224 1370 1308; x_wconf 89' lang='lat' dir='ltr'><strong>ipsi</strong></span> 
     </span>
     <span class='ocr_line' id='line_1_8' title="bbox 438 1336 1373 1443; baseline -0.003 -34"><span class='ocrx_word' id='word_1_37' title='bbox 438 1336 604 1443; x_wconf 73' lang='lat' dir='ltr'><strong>uiderent,</strong></span> <span class='ocrx_word' id='word_1_38' title='bbox 627 1342 702 1424; x_wconf 77' lang='lat' dir='ltr'><strong>quid</strong></span> <span class='ocrx_word' id='word_1_39' title='bbox 729 1341 875 1429; x_wconf 83' lang='lat' dir='ltr'><strong>civitati,</strong></span> <span class='ocrx_word' id='word_1_40' title='bbox 908 1340 1026 1427; x_wconf 86' lang='lat' dir='ltr'><strong>qnid</strong></span> <span class='ocrx_word' id='word_1_41' title='bbox 1017 1340 1096 1425; x_wconf 88' lang='lat' dir='ltr'><strong>rpsis</strong></span> <span class='ocrx_word' id='word_1_42' title='bbox 1127 1340 1257 1411; x_wconf 80' lang='lat' dir='ltr'><strong>martinae</strong></span> <span class='ocrx_word' id='word_1_43' title='bbox 1286 1360 1373 1415; x_wconf 79' lang='lat' dir='ltr'><strong>esset</strong></span> 
     </span>
     <span class='ocr_line' id='line_1_9' title="bbox 441 1458 1372 1561; baseline 0.001 -37"><span class='ocrx_word' id='word_1_44' title='bbox 441 1459 533 1527; x_wconf 89' lang='lat' dir='ltr'><strong>utile:</strong></span> <span class='ocrx_word' id='word_1_45' title='bbox 568 1479 699 1551; x_wconf 86' lang='lat' dir='ltr'><strong>quoqne</strong></span> <span class='ocrx_word' id='word_1_46' title='bbox 727 1459 822 1543; x_wconf 81' lang='lat' dir='ltr'><strong>magis</strong></span> <span class='ocrx_word' id='word_1_47' title='bbox 850 1460 910 1537; x_wconf 87' lang='lat' dir='ltr'><strong>hoc</strong></span> <span class='ocrx_word' id='word_1_48' title='bbox 929 1473 1162 1542; x_wconf 77' lang='lat' dir='ltr'><strong>sequerentur,</strong></span> <span class='ocrx_word' id='word_1_49' title='bbox 1195 1458 1262 1561; x_wconf 77' lang='lat' dir='ltr'><strong>ueri</strong></span> <span class='ocrx_word' id='word_1_50' title='bbox 1282 1477 1372 1531; x_wconf 85' lang='lat' dir='ltr'><strong>arno</strong></span> 
     </span>
    </p>

    <p class='ocr_par' dir='ltr' id='par_1_5' title="bbox 386 1555 1373 1673">
     <span class='ocr_line' id='line_1_10' title="bbox 386 1555 1373 1673; baseline 0.002 -32"><span class='ocrx_word' id='word_1_51' title='bbox 386 1636 389 1641; x_wconf 12' lang='grc' dir='ltr'><em>Α</em></span> <span class='ocrx_word' id='word_1_52' title='bbox 439 1595 528 1673; x_wconf 86' lang='lat' dir='ltr'><strong>rem,</strong></span> <span class='ocrx_word' id='word_1_53' title='bbox 549 1577 605 1665; x_wconf 85' lang='lat' dir='ltr'><strong>qni</strong></span> <span class='ocrx_word' id='word_1_54' title='bbox 630 1579 723 1668; x_wconf 85' lang='lat' dir='ltr'><strong>inest</strong></span> <span class='ocrx_word' id='word_1_55' title='bbox 747 1574 952 1661; x_wconf 79' lang='lat' dir='ltr'><strong>horninibus,</strong></span> <span class='ocrx_word' id='word_1_56' title='bbox 966 1575 1056 1655; x_wconf 76' lang='lat' dir='ltr'><strong>ipest</strong></span> <span class='ocrx_word' id='word_1_57' title='bbox 1079 1575 1111 1641; x_wconf 91' lang='lat' dir='ltr'><strong>in</strong></span> <span class='ocrx_word' id='word_1_58' title='bbox 1129 1555 1238 1657; x_wconf 88' lang='lat' dir='ltr'><strong>primis</strong></span> <span class='ocrx_word' id='word_1_59' title='bbox 1269 1575 1373 1643; x_wconf 90' lang='lat' dir='ltr'><strong>homi</strong></span> 
     </span>
    </p>

    <p class='ocr_par' dir='ltr' id='par_1_6' title="bbox 377 1662 1379 3877">
     <span class='ocr_line' id='line_1_11' title="bbox 439 1662 1370 1779; baseline -0.001 -21"><span class='ocrx_word' id='word_1_60' title='bbox 439 1710 515 1758; x_wconf 89' lang='lat' dir='ltr'><strong>num</strong></span> <span class='ocrx_word' id='word_1_61' title='bbox 551 1662 785 1779; x_wconf 84' lang='lat' dir='ltr'><strong>concionibus,</strong></span> <span class='ocrx_word' id='word_1_62' title='bbox 820 1687 991 1755; x_wconf 87' lang='lat' dir='ltr'><strong>suscitabat</strong></span> <span class='ocrx_word' id='word_1_63' title='bbox 1017 1703 1049 1769; x_wconf 81' lang='lat' dir='ltr'><strong>et</strong></span> <span class='ocrx_word' id='word_1_64' title='bbox 1081 1688 1193 1754; x_wconf 86' lang='lat' dir='ltr'><strong>alebat.</strong></span> <span class='ocrx_word' id='word_1_65' title='bbox 1239 1689 1302 1759; x_wconf 83' lang='lat' dir='ltr'><strong>Est</strong></span> <span class='ocrx_word' id='word_1_66' title='bbox 1336 1689 1370 1761; x_wconf 90' lang='grc' dir='ltr'><strong>ιιι</strong></span> 
     </span>
     <span class='ocr_line' id='line_1_12' title="bbox 437 1796 1372 1893; baseline 0.001 -21"><span class='ocrx_word' id='word_1_67' title='bbox 437 1796 607 1893; x_wconf 69' lang='lat' dir='ltr'><strong>virtutibus</strong></span> <span class='ocrx_word' id='word_1_68' title='bbox 640 1807 863 1873; x_wconf 86' lang='lat' dir='ltr'><strong>Demosthenis</strong></span> <span class='ocrx_word' id='word_1_69' title='bbox 903 1808 970 1872; x_wconf 90' lang='lat' dir='ltr'><strong>talis</strong></span> <span class='ocrx_word' id='word_1_70' title='bbox 1003 1808 1141 1889; x_wconf 55' lang='lat' dir='ltr'><strong>omnino«</strong></span> <span class='ocrx_word' id='word_1_71' title='bbox 1160 1807 1372 1890; x_wconf 71' lang='lat' dir='ltr'><strong>simplicitas,</strong></span> 
     </span>
     <span class='ocr_line' id='line_1_13' title="bbox 441 1923 1369 2009; baseline 0.001 -19"><span class='ocrx_word' id='word_1_72' title='bbox 441 1925 542 2009; x_wconf 87' lang='lat' dir='ltr'><strong>qualis</strong></span> <span class='ocrx_word' id='word_1_73' title='bbox 571 1925 603 1993; x_wconf 91' lang='lat' dir='ltr'><strong>in</strong></span> <span class='ocrx_word' id='word_1_74' title='bbox 634 1924 780 1993; x_wconf 84' lang='lat' dir='ltr'><strong>omnibns</strong></span> <span class='ocrx_word' id='word_1_75' title='bbox 804 1938 853 2007; x_wconf 84' lang='lat' dir='ltr'><strong>cst</strong></span> <span class='ocrx_word' id='word_1_76' title='bbox 878 1923 1015 1999; x_wconf 77' lang='lat' dir='ltr'><strong>Socrans</strong></span> <span class='ocrx_word' id='word_1_77' title='bbox 1034 1923 1245 1990; x_wconf 87' lang='lat' dir='ltr'><strong>sermonibus.</strong></span> <span class='ocrx_word' id='word_1_78' title='bbox 1286 1925 1369 1991; x_wconf 86' lang='lat' dir='ltr'><strong>Nul·</strong></span> 
     </span>
     <span class='ocr_line' id='line_1_14' title="bbox 442 2022 1377 2123; baseline 0.002 -16"><span class='ocrx_word' id='word_1_79' title='bbox 442 2044 490 2109; x_wconf 88' lang='lat' dir='ltr'><strong>lus</strong></span> <span class='ocrx_word' id='word_1_80' title='bbox 518 2042 667 2109; x_wconf 85' lang='lat' dir='ltr'><strong>orationis</strong></span> <span class='ocrx_word' id='word_1_81' title='bbox 696 2055 848 2123; x_wconf 90' lang='lat' dir='ltr'><strong>ornatus,</strong></span> <span class='ocrx_word' id='word_1_82' title='bbox 887 2022 1028 2113; x_wconf 82' lang='lat' dir='ltr'><strong>studium</strong></span> <span class='ocrx_word' id='word_1_83' title='bbox 1063 2041 1185 2108; x_wconf 88' lang='lat' dir='ltr'><strong>nullum</strong></span> <span class='ocrx_word' id='word_1_84' title='bbox 1212 2061 1377 2109; x_wconf 74' lang='lat' dir='ltr'><strong>commem·</strong></span> 
     </span>
     <span class='ocr_line' id='line_1_15' title="bbox 439 2155 1378 2249; baseline 0.003 -23"><span class='ocrx_word' id='word_1_85' title='bbox 439 2161 553 2226; x_wconf 89' lang='lat' dir='ltr'><strong>dandae</strong></span> <span class='ocrx_word' id='word_1_86' title='bbox 579 2158 822 2249; x_wconf 80' lang='lat' dir='ltr'><strong>probandaeque</strong></span> <span class='ocrx_word' id='word_1_87' title='bbox 851 2155 1029 2231; x_wconf 83' lang='lat' dir='ltr'><strong>sententiae¹</strong></span> <span class='ocrx_word' id='word_1_88' title='bbox 1042 2175 1138 2223; x_wconf 84' lang='lat' dir='ltr'><strong>suae:</strong></span> <span class='ocrx_word' id='word_1_89' title='bbox 1162 2170 1198 2222; x_wconf 90' lang='lat' dir='ltr'><strong>nt</strong></span> <span class='ocrx_word' id='word_1_90' title='bbox 1218 2156 1378 2229; x_wconf 86' lang='lat' dir='ltr'><strong>mirentur.</strong></span> 
     </span>
     <span class='ocr_line' id='line_1_16' title="bbox 439 2271 1369 2363; baseline 0.002 -22"><span class='ocrx_word' id='word_1_91' title='bbox 439 2274 555 2356; x_wconf 88' lang='lat' dir='ltr'><strong>multi,</strong></span> <span class='ocrx_word' id='word_1_92' title='bbox 578 2273 633 2363; x_wconf 87' lang='lat' dir='ltr'><strong>qni</strong></span> <span class='ocrx_word' id='word_1_93' title='bbox 663 2292 774 2347; x_wconf 85' lang='lat' dir='ltr'><strong>recens¹</strong></span> <span class='ocrx_word' id='word_1_94' title='bbox 796 2273 835 2339; x_wconf 90' lang='lat' dir='ltr'><strong>ab</strong></span> <span class='ocrx_word' id='word_1_95' title='bbox 863 2271 1155 2351; x_wconf 73' lang='lat' dir='ltr'><strong>aliorumiectione</strong></span> <span class='ocrx_word' id='word_1_96' title='bbox 1184 2288 1369 2355; x_wconf 89' lang='lat' dir='ltr'><strong>oratorum,</strong></span> 
     </span>
     <span class='ocr_line' id='line_1_17' title="bbox 436 2366 1372 2485; baseline -0.002 -26"><span class='ocrx_word' id='word_1_97' title='bbox 436 2391 643 2485; x_wconf 81' lang='lat' dir='ltr'><strong>recentiorum</strong></span> <span class='ocrx_word' id='word_1_98' title='bbox 667 2366 816 2469; x_wconf 79' lang='lat' dir='ltr'><strong>manime,</strong></span> <span class='ocrx_word' id='word_1_99' title='bbox 846 2390 886 2457; x_wconf 90' lang='lat' dir='ltr'><strong>ad</strong></span> <span class='ocrx_word' id='word_1_100' title='bbox 913 2407 984 2459; x_wconf 84' lang='lat' dir='ltr'><strong>earn</strong></span> <span class='ocrx_word' id='word_1_101' title='bbox 1011 2390 1187 2471; x_wconf 82' lang='lat' dir='ltr'><strong>accedunt,</strong></span> <span class='ocrx_word' id='word_1_102' title='bbox 1219 2391 1372 2465; x_wconf 80' lang='lat' dir='ltr'><strong>mirentur</strong></span> 
     </span>
     <span class='ocr_line' id='line_1_18' title="bbox 437 2503 1370 2601; baseline -0.002 -28"><span class='ocrx_word' id='word_1_103' title='bbox 437 2506 551 2595; x_wconf 85' lang='lat' dir='ltr'><strong>igitur,</strong></span> <span class='ocrx_word' id='word_1_104' title='bbox 585 2524 652 2601; x_wconf 77' lang='lat' dir='ltr'><strong>nec</strong></span> <span class='ocrx_word' id='word_1_105' title='bbox 671 2506 823 2571; x_wconf 89' lang='lat' dir='ltr'><strong>flosculos</strong></span> <span class='ocrx_word' id='word_1_106' title='bbox 860 2523 896 2569; x_wconf 86' lang='lat' dir='ltr'><strong>se</strong></span> <span class='ocrx_word' id='word_1_107' title='bbox 929 2505 1013 2591; x_wconf 74' lang='lat' dir='ltr'><strong>apud</strong></span> <span class='ocrx_word' id='word_1_108' title='bbox 1041 2503 1156 2588; x_wconf 90' lang='lat' dir='ltr'><strong>illum,</strong></span> <span class='ocrx_word' id='word_1_109' title='bbox 1189 2523 1247 2579; x_wconf 84' lang='lat' dir='ltr'><strong>nec</strong></span> <span class='ocrx_word' id='word_1_110' title='bbox 1263 2506 1370 2593; x_wconf 82' lang='lat' dir='ltr'><strong>imagi·</strong></span> 
     </span>
     <span class='ocr_line' id='line_1_19' title="bbox 436 2600 1379 2708; baseline -0.003 -17"><span class='ocrx_word' id='word_1_111' title='bbox 436 2643 516 2703; x_wconf 90' lang='lat' dir='ltr'><strong>nes,</strong></span> <span class='ocrx_word' id='word_1_112' title='bbox 539 2642 596 2691; x_wconf 86' lang='lat' dir='ltr'><strong>nec</strong></span> <span class='ocrx_word' id='word_1_113' title='bbox 611 2623 664 2689; x_wconf 88' lang='lat' dir='ltr'><strong>illa</strong></span> <span class='ocrx_word' id='word_1_114' title='bbox 686 2621 814 2688; x_wconf 86' lang='lat' dir='ltr'><strong>omnino</strong></span> <span class='ocrx_word' id='word_1_115' title='bbox 838 2600 996 2707; x_wconf 83' lang='lat' dir='ltr'><strong>reperite,</strong></span> <span class='ocrx_word' id='word_1_116' title='bbox 1019 2621 1138 2707; x_wconf 82' lang='lat' dir='ltr'><strong>quibus</strong></span> <span class='ocrx_word' id='word_1_117' title='bbox 1159 2623 1244 2690; x_wconf 88' lang='lat' dir='ltr'><strong>lucet</strong></span> <span class='ocrx_word' id='word_1_118' title='bbox 1264 2626 1379 2708; x_wconf 70' lang='lat' dir='ltr'><strong>splen·</strong></span> 
     </span>
     <span class='ocr_line' id='line_1_20' title="bbox 438 2714 1369 2829; baseline -0.002 -22"><span class='ocrx_word' id='word_1_119' title='bbox 438 2714 554 2823; x_wconf 85' lang='lat' dir='ltr'><strong>detque</strong></span> <span class='ocrx_word' id='word_1_120' title='bbox 578 2737 671 2803; x_wconf 88' lang='lat' dir='ltr'><strong>unice</strong></span> <span class='ocrx_word' id='word_1_121' title='bbox 702 2740 872 2829; x_wconf 79' lang='lat' dir='ltr'><strong>multorum</strong></span> <span class='ocrx_word' id='word_1_122' title='bbox 895 2736 1033 2821; x_wconf 41' lang='lat' dir='ltr'><strong>oratio..</strong></span> <span class='ocrx_word' id='word_1_123' title='bbox 1054 2737 1140 2807; x_wconf 86' lang='lat' dir='ltr'><strong>Haec</strong></span> <span class='ocrx_word' id='word_1_124' title='bbox 1169 2752 1275 2813; x_wconf 82' lang='lat' dir='ltr'><strong>autem</strong></span> <span class='ocrx_word' id='word_1_125' title='bbox 1295 2740 1369 2813; x_wconf 78' lang='lat' dir='ltr'><strong>sim-</strong></span> 
     </span>
     <span class='ocr_line' id='line_1_21' title="bbox 438 2852 1369 2947; baseline -0.004 -24"><span class='ocrx_word' id='word_1_126' title='bbox 438 2856 562 2943; x_wconf 88' lang='lat' dir='ltr'><strong>plicitas</strong></span> <span class='ocrx_word' id='word_1_127' title='bbox 580 2854 681 2941; x_wconf 89' lang='lat' dir='ltr'><strong>ipsius</strong></span> <span class='ocrx_word' id='word_1_128' title='bbox 717 2854 785 2920; x_wconf 90' lang='lat' dir='ltr'><strong>veti</strong></span> <span class='ocrx_word' id='word_1_129' title='bbox 808 2854 902 2921; x_wconf 87' lang='lat' dir='ltr'><strong>habet</strong></span> <span class='ocrx_word' id='word_1_130' title='bbox 938 2852 1217 2947; x_wconf 75' lang='lat' dir='ltr'><strong>sginilicationem:</strong></span> <span class='ocrx_word' id='word_1_131' title='bbox 1251 2853 1369 2935; x_wconf 62' lang='lat' dir='ltr'><strong>iim</strong></span> 
     </span>
     <span class='ocr_line' id='line_1_22' title="bbox 440 2972 1369 3060; baseline -0.004 -2"><span class='ocrx_word' id='word_1_132' title='bbox 440 2979 504 3060; x_wconf 73' lang='lat' dir='ltr'><strong>aab</strong></span> <span class='ocrx_word' id='word_1_133' title='bbox 531 2978 621 3057; x_wconf 70' lang='lat' dir='ltr'><strong>allos</strong></span> <span class='ocrx_word' id='word_1_134' title='bbox 642 2980 696 3052; x_wconf 70' lang='lat' dir='ltr'><strong>rm</strong></span> <span class='ocrx_word' id='word_1_135' title='bbox 721 2976 863 3059; x_wconf 62' lang='lat' dir='ltr'><strong>maltha</strong></span> <span class='ocrx_word' id='word_1_136' title='bbox 882 2974 963 3057; x_wconf 70' lang='grc' dir='ltr'><strong>ἔΦυτ</strong></span> <span class='ocrx_word' id='word_1_137' title='bbox 981 2984 1031 3057; x_wconf 71' lang='lat' dir='ltr'><strong>-et,</strong></span> <span class='ocrx_word' id='word_1_138' title='bbox 1065 2972 1151 3037; x_wconf 74' lang='lat' dir='ltr'><strong>vater</strong></span> <span class='ocrx_word' id='word_1_139' title='bbox 1179 2989 1369 3055; x_wconf 75' lang='lat' dir='ltr'><strong>magnopere</strong></span> 
     </span>
     <span class='ocr_line' id='line_1_23' title="bbox 377 3085 1368 3185; baseline -0.002 -26"><span class='ocrx_word' id='word_1_140' title='bbox 377 3104 389 3132; x_wconf 90' lang='grc'><strong>-·</strong></span> <span class='ocrx_word' id='word_1_141' title='bbox 435 3089 475 3159; x_wconf 84' lang='lat' dir='ltr'><strong>ad</strong></span> <span class='ocrx_word' id='word_1_142' title='bbox 498 3089 566 3157; x_wconf 84' lang='lat' dir='ltr'><strong>veri</strong></span> <span class='ocrx_word' id='word_1_143' title='bbox 594 3087 628 3155; x_wconf 89' lang='lat' dir='ltr'><strong>in</strong></span> <span class='ocrx_word' id='word_1_144' title='bbox 656 3088 768 3161; x_wconf 89' lang='lat' dir='ltr'><strong>animis</strong></span> <span class='ocrx_word' id='word_1_145' title='bbox 797 3085 937 3175; x_wconf 80' lang='lat' dir='ltr'><strong>studium</strong></span> <span class='ocrx_word' id='word_1_146' title='bbox 956 3085 1176 3185; x_wconf 69' lang='lat' dir='ltr'><strong>cantandum:</strong></span> <span class='ocrx_word' id='word_1_147' title='bbox 1200 3088 1285 3155; x_wconf 81' lang='lat' dir='ltr'><strong>valer</strong></span> <span class='ocrx_word' id='word_1_148' title='bbox 1312 3104 1368 3157; x_wconf 82' lang='lat' dir='ltr'><strong>ve·</strong></span> 
     </span>
     <span class='ocr_line' id='line_1_24' title="bbox 435 3204 1369 3293; baseline 0.003 -17"><span class='ocrx_word' id='word_1_149' title='bbox 435 3227 472 3277; x_wconf 90' lang='grc' dir='ltr'><strong>ιο</strong></span> <span class='ocrx_word' id='word_1_150' title='bbox 498 3208 652 3290; x_wconf 81' lang='lat' dir='ltr'><strong>maxime,</strong></span> <span class='ocrx_word' id='word_1_151' title='bbox 674 3228 738 3293; x_wconf 89' lang='lat' dir='ltr'><strong>qun</strong></span> <span class='ocrx_word' id='word_1_152' title='bbox 767 3206 902 3293; x_wconf 86' lang='lat' dir='ltr'><strong>pertinet</strong></span> <span class='ocrx_word' id='word_1_153' title='bbox 930 3204 1073 3290; x_wconf 82' lang='lat' dir='ltr'><strong>inprimis</strong></span> <span class='ocrx_word' id='word_1_154' title='bbox 1093 3205 1297 3289; x_wconf 87' lang='lat' dir='ltr'><strong>eloquentia,</strong></span> <span class='ocrx_word' id='word_1_155' title='bbox 1327 3206 1369 3279; x_wconf 76' lang='lat' dir='ltr'><strong>ad</strong></span> 
     </span>
     <span class='ocr_line' id='line_1_25' title="bbox 434 3322 1369 3416; baseline -0.002 -19"><span class='ocrx_word' id='word_1_156' title='bbox 434 3329 694 3416; x_wconf 87' lang='lat' dir='ltr'><strong>persuadendum.</strong></span> <span class='ocrx_word' id='word_1_157' title='bbox 739 3325 802 3407; x_wconf 79' lang='lat' dir='ltr'><strong>Sed</strong></span> <span class='ocrx_word' id='word_1_158' title='bbox 830 3323 877 3391; x_wconf 89' lang='lat' dir='ltr'><strong>uti</strong></span> <span class='ocrx_word' id='word_1_159' title='bbox 899 3324 946 3392; x_wconf 87' lang='lat' dir='ltr'><strong>sic</strong></span> <span class='ocrx_word' id='word_1_160' title='bbox 968 3338 1104 3403; x_wconf 86' lang='lat' dir='ltr'><strong>mentem</strong></span> <span class='ocrx_word' id='word_1_161' title='bbox 1127 3322 1293 3395; x_wconf 83' lang='lat' dir='ltr'><strong>hominurn</strong></span> <span class='ocrx_word' id='word_1_162' title='bbox 1313 3341 1369 3395; x_wconf 81' lang='lat' dir='ltr'><strong>ve·</strong></span> 
     </span>
     <span class='ocr_line' id='line_1_26' title="bbox 435 3441 1371 3531; baseline -0.001 -19"><span class='ocrx_word' id='word_1_163' title='bbox 435 3446 537 3531; x_wconf 83' lang='lat' dir='ltr'><strong>ritatis</strong></span> <span class='ocrx_word' id='word_1_164' title='bbox 558 3448 629 3512; x_wconf 92' lang='lat' dir='ltr'><strong>luce</strong></span> <span class='ocrx_word' id='word_1_165' title='bbox 650 3442 850 3531; x_wconf 87' lang='lat' dir='ltr'><strong>illustrabat,</strong></span> <span class='ocrx_word' id='word_1_166' title='bbox 873 3442 913 3515; x_wconf 86' lang='lat' dir='ltr'><strong>ita</strong></span> <span class='ocrx_word' id='word_1_167' title='bbox 941 3441 1149 3521; x_wconf 62' lang='lat' dir='ltr'><strong>beniuolentia</strong></span> <span class='ocrx_word' id='word_1_168' title='bbox 1175 3460 1284 3513; x_wconf 90' lang='lat' dir='ltr'><strong>eorum</strong></span> <span class='ocrx_word' id='word_1_169' title='bbox 1304 3443 1371 3511; x_wconf 85' lang='lat' dir='ltr'><strong>ani·</strong></span> 
     </span>
     <span class='ocr_line' id='line_1_27' title="bbox 438 3552 1369 3642; baseline -0.005 -13"><span class='ocrx_word' id='word_1_170' title='bbox 438 3582 508 3631; x_wconf 88' lang='lat' dir='ltr'><strong>mos</strong></span> <span class='ocrx_word' id='word_1_171' title='bbox 524 3563 671 3628; x_wconf 82' lang='lat' dir='ltr'><strong>movebat</strong></span> <span class='ocrx_word' id='word_1_172' title='bbox 701 3560 825 3642; x_wconf 88' lang='lat' dir='ltr'><strong>sibique</strong></span> <span class='ocrx_word' id='word_1_173' title='bbox 844 3552 1040 3637; x_wconf 79' lang='lat' dir='ltr'><strong>concriiabat.</strong></span> <span class='ocrx_word' id='word_1_174' title='bbox 1070 3560 1232 3627; x_wconf 84' lang='lat' dir='ltr'><strong>Invehimr</strong></span> <span class='ocrx_word' id='word_1_175' title='bbox 1259 3560 1369 3627; x_wconf 82' lang='lat' dir='ltr'><strong>subin·</strong></span> 
     </span>
     <span class='ocr_line' id='line_1_28' title="bbox 439 3672 1370 3769; baseline -0.002 -24"><span class='ocrx_word' id='word_1_176' title='bbox 439 3677 487 3769; x_wconf 76' lang='grc' dir='ltr'><strong>ιιιΙΙ</strong></span> <span class='ocrx_word' id='word_1_177' title='bbox 512 3678 544 3742; x_wconf 91' lang='grc' dir='ltr'><strong>ιιι</strong></span> <span class='ocrx_word' id='word_1_178' title='bbox 572 3692 679 3763; x_wconf 81' lang='lat' dir='ltr'><strong>totum</strong></span> <span class='ocrx_word' id='word_1_179' title='bbox 708 3681 862 3763; x_wconf 88' lang='lat' dir='ltr'><strong>populum</strong></span> <span class='ocrx_word' id='word_1_180' title='bbox 894 3679 1120 3753; x_wconf 89' lang='lat' dir='ltr'><strong>Atheniensem</strong></span> <span class='ocrx_word' id='word_1_181' title='bbox 1152 3692 1184 3743; x_wconf 88' lang='lat' dir='ltr'><strong>et</strong></span> <span class='ocrx_word' id='word_1_182' title='bbox 1204 3691 1291 3741; x_wconf 85' lang='lat' dir='ltr'><strong>tanto</strong></span> <span class='ocrx_word' id='word_1_183' title='bbox 1310 3672 1370 3743; x_wconf 84' lang='lat' dir='ltr'><strong>im·</strong></span> 
     </span>
     <span class='ocr_line' id='line_1_29' title="bbox 438 3780 1369 3877; baseline -0.008 -16"><span class='ocrx_word' id='word_1_184' title='bbox 438 3804 516 3876; x_wconf 85' lang='lat' dir='ltr'><strong>petu</strong></span> <span class='ocrx_word' id='word_1_185' title='bbox 546 3808 577 3860; x_wconf 93' lang='lat' dir='ltr'><strong>et</strong></span> <span class='ocrx_word' id='word_1_186' title='bbox 611 3780 743 3875; x_wconf 86' lang='lat' dir='ltr'><strong>ardore,</strong></span> <span class='ocrx_word' id='word_1_187' title='bbox 775 3808 811 3859; x_wconf 89' lang='lat' dir='ltr'><strong>nt</strong></span> <span class='ocrx_word' id='word_1_188' title='bbox 838 3790 1080 3877; x_wconf 84' lang='lat' dir='ltr'><strong>in&#39;dignationi</strong></span> <span class='ocrx_word' id='word_1_189' title='bbox 1071 3810 1116 3855; x_wconf 91' lang='lat' dir='ltr'><strong>rra</strong></span> <span class='ocrx_word' id='word_1_190' title='bbox 1147 3790 1289 3855; x_wconf 76' lang='lat' dir='ltr'><strong>videatur</strong></span> <span class='ocrx_word' id='word_1_191' title='bbox 1318 3809 1369 3855; x_wconf 91' lang='lat' dir='ltr'><strong>ac·</strong></span> 
     </span>
    </p>
   </div>
   <div class='ocr_carea' id='block_1_3' title="bbox 437 3905 1458 4001">
    <p class='ocr_par' dir='ltr' id='par_1_7' title="bbox 437 3905 1458 4001">
     <span class='ocr_line' id='line_1_30' title="bbox 437 3905 1458 4001; baseline -0.004 -27"><span class='ocrx_word' id='word_1_192' title='bbox 437 3909 564 3991; x_wconf 83' lang='lat' dir='ltr'><strong>cedere3</strong></span> <span class='ocrx_word' id='word_1_193' title='bbox 588 3928 646 3976; x_wconf 89' lang='lat' dir='ltr'><strong>nec</strong></span> <span class='ocrx_word' id='word_1_194' title='bbox 678 3923 783 3999; x_wconf 89' lang='lat' dir='ltr'><strong>tamen¹</strong></span> <span class='ocrx_word' id='word_1_195' title='bbox 800 3910 905 3976; x_wconf 88' lang='lat' dir='ltr'><strong>odisse</strong></span> <span class='ocrx_word' id='word_1_196' title='bbox 931 3926 1002 4001; x_wconf 80' lang='lat' dir='ltr'><strong>eum</strong></span> <span class='ocrx_word' id='word_1_197' title='bbox 1024 3920 1170 3988; x_wconf 87' lang='lat' dir='ltr'><strong>poterant</strong></span> <span class='ocrx_word' id='word_1_198' title='bbox 1188 3905 1275 3977; x_wconf 89' lang='lat' dir='ltr'><strong>cives</strong></span> <span class='ocrx_word' id='word_1_199' title='bbox 1303 3907 1364 3979; x_wconf 87' lang='lat' dir='ltr'><strong>sui.</strong></span> <span class='ocrx_word' id='word_1_200' title='bbox 1452 3954 1458 3970; x_wconf 85' lang='grc'><strong>.</strong></span> 
     </span>
    </p>
   </div>
   <div class='ocr_carea' id='block_1_4' title="bbox 408 4000 1379 4229">
    <p class='ocr_par' dir='ltr' id='par_1_8' title="bbox 408 4000 1379 4229">
     <span class='ocr_line' id='line_1_31' title="bbox 408 4000 1379 4137; baseline -0.006 -40.796"><span class='ocrx_word' id='word_1_201' title='bbox 408 4025 588 4104; x_wconf 83' lang='lat' dir='ltr'><strong>Oratores</strong></span> <span class='ocrx_word' id='word_1_202' title='bbox 616 4023 742 4110; x_wconf 87' lang='lat' dir='ltr'><strong>quidem</strong></span> <span class='ocrx_word' id='word_1_203' title='bbox 767 4018 799 4093; x_wconf 84' lang='lat' dir='ltr'><strong>e&#39;t</strong></span> <span class='ocrx_word' id='word_1_204' title='bbox 827 4000 988 4137; x_wconf 63' lang='grc' dir='ltr'>(ιιιιιιιὸιι</span> <span class='ocrx_word' id='word_1_205' title='bbox 1008 4020 1177 4099; x_wconf 83' lang='lat' dir='ltr'><strong>vindictam</strong></span> <span class='ocrx_word' id='word_1_206' title='bbox 1195 4023 1379 4133; x_wconf 80' lang='lat' dir='ltr'><strong>spirabant.¹</strong></span> 
     </span>
     <span class='ocr_line' id='line_1_32' title="bbox 1319 4146 1369 4229; baseline 0 0"><span class='ocrx_word' id='word_1_207' title='bbox 1319 4146 1369 4229; x_wconf 82' lang='lat' dir='ltr'><strong>lr-</strong></span> 
     </span>
    </p>
   </div>
   <div class='ocr_carea' id='block_1_5' title="bbox 0 0 1500 5220">
    <p class='ocr_par' dir='ltr' id='par_1_9' title="bbox 0 0 1500 5220">
     <span class='ocr_line' id='line_1_33' title="bbox 0 0 1500 5220; baseline 0 2"><span class='ocrx_word' id='word_1_208' title='bbox 0 0 1500 5220; x_wconf 95' lang='lat' dir='ltr'><strong> </strong></span> 
     </span>
    </p>
   </div>
  </div>
 </body>
</html>
