2992 5220
780 457 952 537 -i⁶··

405 632 551 701 iescentis
579 633 660 699 dicta
693 636 738 699 sic
769 635 936 718 Socrates,
980 635 1039 713 hos
1072 654 1131 722 ego
1161 641 1329 723 homines,

406 750 530 833 inquit,
551 770 745 834 nequaquam
776 753 900 836 appello
925 752 1156 838 philosophos,
1183 757 1239 824 scd
1259 759 1331 840 piri·

404 869 611 952 losopbonrm
639 867 767 934 similes.
792 907 836 923 -
854 869 957 936 Veros
990 884 1027 935 tu
1059 886 1161 938 autem
1178 891 1332 956 quosnam

405 982 579 1051 dicist—
599 990 710 1064 Τοὺς
739 995 812 1063 τῆς
841 991 1047 1066 diunisiae
1076 993 1332 1074 Φιλοθεῶμο·

405 1121 499 1177 aaa:
537 1100 645 1166 illos
672 1121 793 1183 noco,
825 1107 899 1190 qai
932 1119 1138 1192 spectaro
1164 1110 1331 1174 verita·

401 1230 483 1282 tam
512 1231 661 1283 amant
680 1214 727 1285 (¹).
769 1220 925 1287 Praeclara
953 1221 1127 1303 sententia,
1147 1225 1239 1306 cujus
1268 1223 1331 1288 hoc

402 1333 437 1398 in
464 1351 629 1417 sermone,
661 1336 722 1402 hoc
752 1338 847 1414 loco,
879 1335 956 1399 mira
989 1348 1039 1399 est
1066 1334 1116 1401 vis
1142 1350 1173 1399 ct
1195 1333 1331 1401 auctori-

401 1464 463 1518 tas.
505 1452 576 1539 Qua
608 1465 710 1516 tamen
743 1468 808 1515 non
839 1447 914 1514 satis
940 1462 1107 1514 contentus
1140 1448 1328 1516 Adimantus

400 1583 466 1635 tem
489 1569 579 1652 cupit
606 1564 709 1631 fusius
741 1563 900 1648 explicari.
943 1564 1045 1631 Recte
1072 1554 1196 1646 quidem
1221 1565 1328 1646 istud,

402 1682 528 1765 inquit3
561 1683 618 1748 sed
648 1701 712 1764 quo
736 1682 768 1747 id
793 1682 889 1748 modo
914 1681 1082 1765 explices?
1113 1682 1198 1750 Tum
1219 1684 1330 1751 Socra·

402 1811 471 1881 tes,
494 1797 577 1864 haud
600 1795 693 1865 facile
723 1800 869 1881 quidem,
890 1801 1080 1883 respondet,
1103 1800 1206 1868 idalii
1231 1803 1331 1887 expli·

399 1931 486 1996 cem3
508 1915 565 1982 sed
589 1930 620 1981 te
648 1915 723 1982 mihi
748 1932 827 2000 puto
846 1918 907 1984 hoc
928 1918 1081 1984 continuo
1107 1920 1262 1986 daturum.
1284 1960 1329 1974 -

389 2031 486 2120 =Quid
512 2032 621 2099 istud?
657 2066 703 2085 -
744 2034 827 2099 Cum
855 2034 940 2117 turpi
967 2035 1157 2102 contrarium
1190 2035 1233 2101 sit
1257 2039 1329 2120 pul·

398 2169 507 2232 crum,
527 2150 592 2215 duo
617 2148 669 2215 illa
697 2168 779 2216 esse.
813 2187 860 2204 -
889 2151 1033 2239 Quidni?
1053 2187 1099 2205 -
1119 2151 1244 2238 Quodsi
1264 2155 1330 2218 duo

398 2279 490 2346 suut,
513 2283 610 2331 arnum
628 2282 697 2331 esse
713 2279 894 2344 utrumque.
917 2299 962 2313 -
982 2264 1027 2327 Et
1044 2264 1106 2327 hoc
1125 2263 1184 2327 tibi
1204 2265 1258 2330 do.
1281 2301 1328 2319 ·-

397 2382 482 2449 Eme
509 2397 612 2447 autem
644 2378 771 2443 eandem
790 2376 868 2461 justi
887 2390 920 2442 et
941 2377 1071 2462 injusti,
1093 2378 1218 2446 boniet
1236 2382 1327 2462 mali,

398 2494 537 2564 omnium
564 2492 901 2574 idearumrationem,
922 2493 1027 2577 ipsum
1051 2496 1175 2578 quidem
1203 2500 1329 2581 quodli-

396 2611 464 2680 bet·
481 2629 579 2676 unum
609 2628 703 2691 csse,
746 2609 966 2677 communione
993 2629 1069 2678 vero
1100 2631 1172 2679 cum
1197 2614 1329 2680 actioni·

397 2728 480 2806 bus,
500 2743 573 2794 cunr
595 2726 689 2793 rebus
713 2729 876 2810 corporeis
899 2743 931 2793 et
947 2747 1052 2794 secum
1071 2727 1224 2808 invicem,
1249 2747 1328 2810 quae

397 2844 504 2912 ubivis
531 2858 681 2928 apparent
710 2843 794 2909 varia
824 2842 951 2926 specie,
972 2861 1037 2908 non
1060 2862 1156 2908 unum
1179 2844 1327 2928 singula,

397 2963 453 3031 sed
479 2964 568 3047 plura
602 2961 715 3028 videri.
744 2995 792 3013 -
820 2960 921 3025 Recte
948 2958 1040 3026 dicis.
1071 2947 1118 3012 -’
1145 2960 1214 3026 Hac
1238 2960 1328 3043 equi-

399 3081 470 3150 dem
500 3081 622 3147 ratione
652 3079 813 3162 distinguo
848 3077 919 3141 iilos
940 3094 1131 3159 secernens,
1151 3095 1233 3159 quos
1260 3097 1329 3144 mo·

397 3194 441 3259 do
473 3191 676 3271 memorasti,
698 3192 947 3276 spectaculorum
976 3192 1152 3275 artiumque
1176 3209 1329 3263 amatores

396 3322 492 3391 atque
520 3309 552 3373 in
581 3307 674 3373 rebus
703 3307 829 3392 agendis
862 3325 1045 3391 versantes,
1078 3325 1145 3377 tum
1171 3312 1258 3391 hos,
1288 3311 1328 3374 de

397 3423 514 3506 quibus
537 3441 621 3491 nunc
652 3441 754 3491 sermo
777 3441 847 3506 est,
870 3446 951 3508 quos
982 3431 1071 3494 solos
1097 3426 1169 3508 quis
1189 3424 1248 3488 rite
1268 3443 1326 3489 vo·

396 3539 512 3606 caverit
528 3545 723 3627 Φιλοσόφους.
736 3578 783 3595 -
801 3542 873 3630 Qua
890 3543 967 3610 illud
983 3543 1103 3608 ratione
1124 3537 1260 3606 definis?
1281 3576 1325 3603 -a-

396 3656 463 3742 Qui
479 3663 615 3744 praiaco
634 3674 708 3729 sunt
723 3675 757 3725 et
773 3663 1011 3745 praeterimus,
1034 3653 1089 3736 qui
1109 3642 1226 3723 omnia'
1236 3677 1329 3741 spec·

395 3785 464 3840 tare
490 3787 521 3838 et
547 3773 651 3842 audire
684 3774 836 3858 cupiunt,
857 3772 977 3856 pulcris
1002 3770 1036 3836 hi
1065 3786 1097 3838 et
1126 3773 1259 3842 vocibus
1292 3791 1325 3840 et

1270 3904 1324 3951 co-

432 4026 475 4097 (ι)
495 4023 537 4078 ue
554 4023 621 4094 nep.
640 4023 678 4078 v.
696 4024 800 4096 man.
821 4023 854 4077 n
