2992 5220
655 480 849 547 -as-

280 645 387 712 serum
412 648 482 712 vera·
508 661 669 724 amorem,
712 644 906 726 omninoque
935 645 1023 727 quod
1055 647 1213 732 vocabat,

214 764 220 769 '
277 759 368 842 queat
397 763 572 827 inueneris
604 761 777 859 hortunam¹
796 759 941 827 scribens.
1005 761 1043 829 Id
1070 762 1212 832 similiter

277 876 414 949 instituit
433 876 637 960 Xenophon,
671 895 769 959 quum
796 876 967 944 scribendis
996 878 1212 947 Memorabili-

277 991 339 1059 bus
366 992 505 1060 Socratis
535 1006 690 1059 enarraret
723 1012 794 1059 cum
817 993 911 1059 variis
936 994 1118 1061 hominibus
1142 997 1209 1061 col-

201 1083 207 1094 '
275 1097 402 1192 taqara:
440 1124 473 1177 aa
491 1110 563 1176 arna
593 1109 735 1193 inprimis
764 1110 847 1176 aaran
874 1110 970 1177 rraarn
997 1111 1208 1195 praestantia:

275 1242 345 1292 nam
372 1225 419 1293 sic
442 1225 565 1293 demum
598 1245 658 1292 nos
685 1226 718 1292 in
740 1227 869 1293 mediam
898 1227 1037 1293 Socratis
1064 1227 1210 1311 philoso-

273 1341 379 1426 phiam
399 1343 679 1429 potuitinducere.
723 1343 757 1410 si
779 1359 982 1410 memorasset
996 1342 1135 1410 doctoris
1156 1344 1209 1410 sui

274 1458 388 1543 placita
415 1461 597 1544 praecipua,
629 1461 712 1526 hand
743 1461 821 1529 male
854 1458 968 1526 fuisset
999 1460 1037 1526 de
1066 1459 1210 1544 philoso-

273 1577 368 1663 phiae
398 1578 531 1643 historin
558 1577 711 1642 meritus:
734 1576 917 1642 haberemus
946 1589 1029 1641 certe
1059 1595 1126 1658 quo
1148 1576 1209 1643 So-

272 1693 368 1761 cratis
393 1693 484 1760 effata
512 1712 584 1759 cum
611 1707 805 1759 caeterorum
834 1691 968 1758 decretis
997 1691 1209 1777 philosopho-

274 1829 344 1879 rum
367 1826 639 1892 compararemus3
663 1809 719 1873 sed
747 1826 883 1887 novam,
906 1828 998 1891 quam
1015 1808 1044 1874 is
1063 1808 1207 1891 induxit,

275 1922 522 2013 philosophandi
557 1924 771 2008 arguendique
816 1922 993 2003 rationem,
1039 1927 1103 2006 qua
1143 1931 1215 1993 una-

273 2041 431 2121 maxime,
470 2016 535 2105 non
564 2037 688 2122 placitis
727 2051 781 2103 aut
809 2033 947 2103 formula
976 2037 1154 2120 doctrinae,
1187 2059 1206 2105 e

272 2159 364 2225 coelo
392 2155 557 2223 devocavit
577 2154 835 2238 philosophiam,
856 2169 887 2220 et
914 2153 948 2220 in
966 2153 1061 2221 urbes
1080 2155 1208 2222 domos·

273 2293 337 2359 que
360 2272 506 2352 induxit,
528 2288 560 2338 et
588 2271 691 2351 coegit
717 2271 755 2336 de
782 2270 848 2338 vita
867 2284 898 2336 et
926 2270 1068 2337 moribus
1091 2271 1205 2358 loqui,
1286 2352 1288 2356 .

272 2390 353 2457 banc
371 2407 437 2455 non
458 2387 555 2472 magis
578 2407 616 2454 ex
637 2387 691 2453 tali
706 2385 895 2470 compendio
917 2405 1205 2471 cognosceremus,

274 2522 367 2590 quarn
394 2521 478 2569 nunc
505 2502 728 2587 cognoscimus
761 2522 800 2567 ex
829 2502 977 2570 historiae
1008 2504 1209 2592 philosophi·

274 2641 330 2690 cae
366 2619 586 2702 scriptoribus.
639 2618 819 2702 Xenophon
851 2638 927 2685 vero
960 2638 1017 2703 per
1045 2639 1206 2690 sermones

274 2738 348 2807 illos
379 2738 484 2824 ipsum
515 2735 609 2802 nobis
640 2736 798 2801 Socratem
833 2736 922 2818 quasi
955 2736 1113 2805 viventem
1142 2742 1208 2826 spi·

273 2871 457 2938 nantemque
476 2852 645 2938 proposuit
674 2867 705 2918 et
724 2871 838 2917 novam
854 2852 936 2918 illam
958 2854 1108 2922 maionem
1137 2875 1204 2924 non

274 2987 479 3057 exponentem
514 2969 698 3051 subtiliter,
731 2969 786 3036 sed
819 2972 1019 3054 quaerendo,
1049 2987 1084 3039 ut
1123 2976 1213 3043 sole.

273 3091 352 3172 bat,
374 3088 557 3173 arguendo,
591 3086 774 3168 monendo,
807 3088 962 3154 hortando
990 3081 1207 3174 usurpantem.

274 3207 328 3276 Sic
352 3207 426 3273 item
457 3207 570 3285 Plat03
605 3206 662 3271 sed
695 3205 746 3269 hic
778 3225 849 3271 cum
866 3236 870 3250 ·
885 3205 1023 3271 Socratis
1051 3208 1211 3290 colloquia

274 3340 340 3388 non
361 3323 496 3388 traderet
527 3335 650 3386 tantum
677 3319 869 3397 scribendo,
892 3321 970 3398 sed,
993 3334 1030 3384 ut
1050 3322 1212 3389 dramatici

275 3437 418 3506 solebant
447 3441 583 3518 poetae,
614 3433 805 3499 dramatibus
836 3434 1043 3516 exprimeret,
1085 3436 1216 3519 plenius

275 3555 370 3626 nobis
391 3568 423 3620 et
452 3552 611 3618 Socratem
632 3563 665 3616 et
694 3550 869 3616 Socraticae
901 3550 1121 3636 philosophiae
1143 3552 1211 3622 vim

276 3691 310 3745 ct
328 3673 500 3740 ubertatem
522 3668 785 3751 repraesentavit:
809 3669 953 3751 idemque
974 3687 1045 3733 cum
1069 3668 1130 3736 sub
1152 3670 1218 3737 Soo‘

276 3791 369 3858 cratis
395 3805 529 3872 persona
565 3804 651 3852 suam
682 3786 752 3868 ipse
779 3784 1014 3868 philosophiam
1050 3804 1123 3853 cum
1150 3789 1215 3856 lec·

279 3907 404 3972 toribus
440 3901 672 3972 communicare
712 3903 880 3983 studeret,
922 3899 992 3984 ipse
1031 3904 1213 3985 loqueretur

279 4022 357 4089 adeo
389 4038 462 4088 cnm
490 4020 593 4089 omnis
621 4017 744 4106 generis
780 4015 986 4102 hominibus,
1025 4037 1122 4100 quum
1155 4017 1215 4084 So·

301 4142 305 4147 '
752 4133 783 4202 K
1148 4152 1215 4203 cra-
