2992 5220
553 457 554 461 ‘
630 495 828 562 *17³⁴-

274 656 433 749 sepimenta
462 665 568 750 aliqua
593 659 727 725 vallabit
757 657 926 727 disserendi
955 661 1098 743 ratione,
1126 649 1202 732 neri

273 792 305 842 cc
331 779 415 863 salsi
444 772 615 861 judicandi
635 772 799 860 disciplina
830 790 861 840 et
879 777 1033 861 [sciencia
1055 766 1200 858 {Expli-

272 911 342 961 care
368 909 470 960 autern
512 892 542 957 id
567 889 672 974 ipsum
700 890 847 974 videtur,
888 892 974 974 quod
1000 890 1197 974 quaerimus,

274 1028 371 1092 quare
382 1013 496 1094 θριγκὸς
507 1007 528 1073 i.
547 1026 577 1075 e.
591 1011 788 1096 sepimentum
799 1010 881 1090 apud
892 1010 1051 1076 Platonem
1064 1006 1202 1073 dialecti·

274 1145 309 1193 ca
332 1126 459 1197 duntur.
472 1121 502 1168 ω
525 1126 586 1192 Sed
602 1127 686 1207 apud
705 1125 790 1190 hunc
808 1124 880 1189 item
899 1124 1058 1195 dialectica
1070 1125 1199 1193 caeteris

274 1243 447 1326 disciplinis
473 1245 565 1328 ὥςπερ
585 1247 700 1328 θριγκὸς
717 1245 816 1314 taine
839 1248 950 1313 aticiae
975 1243 1108 1325 dicitur,
1131 1260 1197 1325 quo

155 1384 160 1398 ·
273 1367 358 1430 accit
386 1364 455 1428 sive
476 1364 615 1450 speculae
639 1362 819 1427 continetur
838 1362 941 1427 notio.
986 1361 1023 1426 Id
1040 1362 1202 1442 quomodo

273 1479 485 1562 accipiendum
510 1477 573 1557 sit,
606 1493 701 1558 supra
718 1477 781 1559 jam
804 1475 1069 1560 significavimus3
1102 1476 1205 1560 expli·

271 1597 404 1660 eandum
438 1605 540 1673 antem
577 1592 705 1656 maxime
743 1609 762 1657 e
803 1596 950 1658 scientiae
991 1600 1103 1660 natura
1140 1606 1207 1661 est.-¹

275 1710 449 1787 caeterae,
478 1707 522 1773 ait
549 1706 659 1787 Plato,
697 1719 733 1771 ut
760 1706 922 1788 vidimus,
955 1710 1114 1777 doctrinae
1132 1715 1207 1784 dni·

275 1828 367 1900 deceta
396 1821 534 1902 habent,
565 1842 583 1888 a
612 1820 730 1904 quibus
759 1820 945 1904 ordiuntur,
977 1823 1024 1886 uti
1053 1825 1211 1892 axiomata·

276 1941 370 2007 habet
398 1940 583 2023 geometria:
606 1940 683 2019 has,
706 1952 743 2014 ut
771 1939 938 2020 immotas,
960 1956 1025 2004 non
1048 1954 1211 2022 tangunt,¹

278 2076 406 2139 quamn
445 2056 566 2140 quippe
600 2056 734 2123 rationes
770 2056 897 2121 reddere
935 2072 1000 2120 non
1042 2070 1201 2138 possunt:

277 2178 423 2241 scientiae
449 2175 564 2259 igitur,
588 2189 624 2239 ut
649 2176 746 2256 vulgo
777 2176 881 2239 solent
904 2173 1076 2256 appellari,
1098 2171 1206 2239 haberi

188 2313 193 2328 ·
278 2293 513 2376 existimarique
536 2309 600 2358 non
621 2308 778 2376 possunt;
802 2291 960 2357 dialectica
979 2308 1055 2356 vero
1078 2307 1135 2355 nec
1157 2290 1208 2372 ip·

279 2427 313 2477 aa
343 2410 437 2478 habet
477 2411 628 2478 axiomata
670 2412 732 2476 ulla
772 2427 803 2476 et
841 2425 1027 2476 caeterarum
1055 2408 1210 2489 axiomata·

280 2525 488 2593 doctrinarum
522 2529 590 2594 sola
627 2528 781 2594 cernendo
814 2527 1061 2610 disserendoque
1087 2526 1125 2592 ad
1148 2523 1210 2592 ini·

280 2641 359 2709 tium
381 2647 580 2724 ἄνυποθετὸν,
605 2643 644 2708 ad
664 2644 769 2726 ipsum
789 2651 824 2716 ni
842 2647 872 2716 ln
898 2645 1030 2711 reducit.
1073 2644 1213 2731 Quodn·

280 2762 381 2825 ca'ut
409 2757 484 2825 fiant
511 2761 569 2826 hae
595 2763 764 2840 scientiae,
786 2761 944 2827 dialectici
967 2779 1049 2844 opus
1067 2761 1217 2843 habentp

283 2894 362 2958 quae
380 2877 422 2943 ita
448 2878 542 2962 longe
568 2876 606 2941 iis
631 2876 667 2941 lit
690 2878 836 2960 superior
864 2897 898 2944 ac
924 2879 1034 2945 merito
1062 2892 1123 2954 scie
1147 2866 1215 2959 eac-¹

280 2993 533 3072 &minuitur
561 2995 669 3077 ἕπάνωζ
691 2998 815 3064 traiciat·
863 2993 960 3077 Quod
989 3006 1093 3058 autem
1130 2992 1215 3057 dixi·

283 3124 354 3171 mus
382 3108 466 3170 arcis
498 3123 554 3170 seu
576 3110 713 3197 speculae
730 3110 890 3176 notionem
911 3109 944 3174 in
965 3108 1124 3174 dialectica
1143 3106 1217 3173 l‘las

284 3221 370 3288 tonis
399 3221 512 3286 latere:
535 3222 690 3304 expressit
709 3241 774 3290 eam
798 3228 868 3310 ipse
892 3227 925 3292 in
949 3239 1060 3309 quarto
1082 3222 1215 3290 Politice

1176 3339 1216 3405 li.

324 3517 460 3589 (illisne
481 3516 535 3570 loei
561 3514 811 3583 interpretationem
832 3516 918 3569 Bakio
941 3534 1001 3569 meo
1028 3516 1135 3580 debeo,
1162 3516 1215 3568 ci.

290 3619 396 3670 uronis
422 3619 561 3685 probatam
587 3615 746 3669 anctoritate
774 3618 806 3668 de
827 3619 913 3686 Legg.
931 3617 954 3669 1.
973 3617 1015 3671 23.
1034 3614 1154 3669 Platonis
1170 3617 1217 3668 iia.

287 3722 420 3785 terpretee
442 3717 476 3768 de
494 3721 645 3789 sepimenta
670 3732 724 3767 uon
741 3716 909 3786 cogitarunt,
933 3716 961 3766 in
985 3714 1038 3766 hac
1058 3732 1087 3766 re
1104 3715 1224 3783 prosae*

289 3822 319 3869 to
343 3833 399 3869 narr
423 3816 591 3886 negligendo.
652 3815 756 3871 Similia
787 3817 866 3868 nobis
892 3817 976 3868 multa
1002 3817 1128 3886 largimur
1148 3834 1217 3868 ern·

285 3917 338 3970 diti
357 3917 410 3972 riri
429 3917 458 3970 in
477 3915 530 3969 hoe
549 3915 691 3972 ciceronis
710 3933 776 3986 opus
792 3914 1019 3982 commentarius,
1038 3916 1087 3987 qni
1107 3913 1211 3987 aunan

284 4016 400 4090 produt
418 4014 577 4088 aliqnando!
