<?xml version="1.0" encoding="UTF-8"?>
<!DOCTYPE html PUBLIC "-//W3C//DTD XHTML 1.0 Transitional//EN"
    "http://www.w3.org/TR/xhtml1/DTD/xhtml1-transitional.dtd">
<html xmlns="http://www.w3.org/1999/xhtml" xml:lang="en" lang="en">
 <head>
  <title>
</title>
<meta http-equiv="Content-Type" content="text/html;charset=utf-8" />
  <meta name='ocr-system' content='tesseract 3.04.00' />
  <meta name='ocr-capabilities' content='ocr_page ocr_carea ocr_par ocr_line ocrx_word'/>
</head>
<body>
  <div class='ocr_page' id='page_1' title='image "./initiaphilosoph01heusgoog_0354.png"; bbox 0 0 2992 5220; ppageno 0'>
   <div class='ocr_carea' id='block_1_1' title="bbox 669 427 871 495">
    <p class='ocr_par' dir='ltr' id='par_1_1' title="bbox 669 427 871 495">
     <span class='ocr_line' id='line_1_1' title="bbox 669 427 871 495; baseline -0.015 0"><span class='ocrx_word' id='word_1_1' title='bbox 669 427 871 495; x_wconf 63' lang='lat' dir='ltr'>t··-16o·-*·</span> 
     </span>
    </p>
   </div>
   <div class='ocr_carea' id='block_1_2' title="bbox 204 607 1268 2668">
    <p class='ocr_par' dir='ltr' id='par_1_2' title="bbox 204 607 1268 2668">
     <span class='ocr_line' id='line_1_2' title="bbox 298 607 1240 690; baseline -0.006 -12"><span class='ocrx_word' id='word_1_2' title='bbox 298 608 330 678; x_wconf 87' lang='lat' dir='ltr'>di</span> <span class='ocrx_word' id='word_1_3' title='bbox 354 608 647 688; x_wconf 87' lang='lat' dir='ltr'>demonstrandique</span> <span class='ocrx_word' id='word_1_4' title='bbox 670 608 863 673; x_wconf 89' lang='lat' dir='ltr'>severitatem</span> <span class='ocrx_word' id='word_1_5' title='bbox 884 607 1078 675; x_wconf 88' lang='lat' dir='ltr'>adducuntur</span> <span class='ocrx_word' id='word_1_6' title='bbox 1086 616 1103 690; x_wconf 87' lang='grc'>,’</span> <span class='ocrx_word' id='word_1_7' title='bbox 1123 619 1153 673; x_wconf 88' lang='lat' dir='ltr'>et</span> <span class='ocrx_word' id='word_1_8' title='bbox 1174 624 1240 674; x_wconf 52' lang='lat' dir='ltr'>nou</span> 
     </span>
     <span class='ocr_line' id='line_1_3' title="bbox 204 723 1229 809; baseline -0.004 -14"><span class='ocrx_word' id='word_1_9' title='bbox 204 785 209 795; x_wconf 90' lang='lat'><em>.</em></span> <span class='ocrx_word' id='word_1_10' title='bbox 299 741 373 794; x_wconf 93' lang='lat' dir='ltr'>cent</span> <span class='ocrx_word' id='word_1_11' title='bbox 391 725 531 806; x_wconf 83' lang='lat' dir='ltr'>ingeniis</span> <span class='ocrx_word' id='word_1_12' title='bbox 552 725 713 809; x_wconf 67' lang='lat' dir='ltr'>magistri3</span> <span class='ocrx_word' id='word_1_13' title='bbox 737 725 792 805; x_wconf 91' lang='lat' dir='ltr'>qui</span> <span class='ocrx_word' id='word_1_14' title='bbox 820 723 970 789; x_wconf 87' lang='lat' dir='ltr'>maturius</span> <span class='ocrx_word' id='word_1_15' title='bbox 1002 745 1094 806; x_wconf 91' lang='lat' dir='ltr'>quam</span> <span class='ocrx_word' id='word_1_16' title='bbox 1120 740 1229 792; x_wconf 87' lang='lat' dir='ltr'>natura</span> 
     </span>
     <span class='ocr_line' id='line_1_4' title="bbox 298 840 1229 936; baseline -0.001 -26"><span class='ocrx_word' id='word_1_17' title='bbox 298 842 382 925; x_wconf 81' lang='lat' dir='ltr'>fert,</span> <span class='ocrx_word' id='word_1_18' title='bbox 403 842 590 936; x_wconf 81' lang='lat' dir='ltr'>dialecticam</span> <span class='ocrx_word' id='word_1_19' title='bbox 610 841 647 906; x_wconf 92' lang='lat' dir='ltr'>iis</span> <span class='ocrx_word' id='word_1_20' title='bbox 672 840 900 907; x_wconf 81' lang='lat' dir='ltr'>Aristotelicum</span> <span class='ocrx_word' id='word_1_21' title='bbox 925 840 1136 909; x_wconf 70' lang='lat' dir='ltr'>addiscendam</span> <span class='ocrx_word' id='word_1_22' title='bbox 1153 858 1229 926; x_wconf 59' lang='lat' dir='ltr'>proa</span> 
     </span>
     <span class='ocr_line' id='line_1_5' title="bbox 298 956 1229 1045; baseline -0.001 -20"><span class='ocrx_word' id='word_1_23' title='bbox 298 974 441 1043; x_wconf 80' lang='lat' dir='ltr'>ponunt3</span> <span class='ocrx_word' id='word_1_24' title='bbox 464 961 518 1024; x_wconf 82' lang='lat' dir='ltr'>sod</span> <span class='ocrx_word' id='word_1_25' title='bbox 538 963 722 1045; x_wconf 72' lang='lat' dir='ltr'><em>exquirere,</em></span> <span class='ocrx_word' id='word_1_26' title='bbox 743 956 911 1038; x_wconf 82' lang='lat' dir='ltr'>divinare,</span> <span class='ocrx_word' id='word_1_27' title='bbox 942 959 1114 1039; x_wconf 70' lang='lat' dir='ltr'>conjicere,</span> <span class='ocrx_word' id='word_1_28' title='bbox 1144 963 1229 1043; x_wconf 83' lang='lat' dir='ltr'>inve·</span> 
     </span>
     <span class='ocr_line' id='line_1_6' title="bbox 296 1074 1229 1158; baseline -0.002 -16"><span class='ocrx_word' id='word_1_29' title='bbox 296 1080 387 1158; x_wconf 82' lang='lat' dir='ltr'>nire,</span> <span class='ocrx_word' id='word_1_30' title='bbox 420 1076 452 1141; x_wconf 91' lang='lat' dir='ltr'>id</span> <span class='ocrx_word' id='word_1_31' title='bbox 473 1074 695 1154; x_wconf 81' lang='lat' dir='ltr'>adolescentiae</span> <span class='ocrx_word' id='word_1_32' title='bbox 719 1076 858 1140; x_wconf 88' lang='lat' dir='ltr'>naturale</span> <span class='ocrx_word' id='word_1_33' title='bbox 876 1074 1012 1140; x_wconf 88' lang='lat' dir='ltr'>studium</span> <span class='ocrx_word' id='word_1_34' title='bbox 1039 1090 1109 1156; x_wconf 90' lang='lat' dir='ltr'>est,</span> <span class='ocrx_word' id='word_1_35' title='bbox 1133 1075 1229 1141; x_wconf 75' lang='lat' dir='ltr'>idem·</span> 
     </span>
     <span class='ocr_line' id='line_1_7' title="bbox 300 1191 1228 1275; baseline 0.001 -20"><span class='ocrx_word' id='word_1_36' title='bbox 300 1210 361 1275; x_wconf 90' lang='lat' dir='ltr'>que</span> <span class='ocrx_word' id='word_1_37' title='bbox 385 1191 413 1255; x_wconf 92' lang='lat' dir='ltr'>si</span> <span class='ocrx_word' id='word_1_38' title='bbox 437 1195 510 1273; x_wconf 79' lang='lat' dir='ltr'>apti</span> <span class='ocrx_word' id='word_1_39' title='bbox 539 1193 713 1272; x_wconf 87' lang='lat' dir='ltr'>methodo,</span> <span class='ocrx_word' id='word_1_40' title='bbox 756 1206 792 1255; x_wconf 90' lang='lat' dir='ltr'>ut</span> <span class='ocrx_word' id='word_1_41' title='bbox 819 1210 869 1257; x_wconf 89' lang='lat' dir='ltr'>ars</span> <span class='ocrx_word' id='word_1_42' title='bbox 898 1191 948 1258; x_wconf 89' lang='lat' dir='ltr'>illa</span> <span class='ocrx_word' id='word_1_43' title='bbox 976 1193 1116 1258; x_wconf 81' lang='lat' dir='ltr'><strong>Platonis</strong></span> <span class='ocrx_word' id='word_1_44' title='bbox 1159 1196 1228 1272; x_wconf 89' lang='lat' dir='ltr'>est,·&#39;</span> 
     </span>
     <span class='ocr_line' id='line_1_8' title="bbox 297 1305 1228 1399; baseline 0.001 -27"><span class='ocrx_word' id='word_1_45' title='bbox 297 1305 440 1391; x_wconf 81' lang='lat' dir='ltr'>regitur,</span> <span class='ocrx_word' id='word_1_46' title='bbox 483 1327 521 1373; x_wconf 90' lang='lat' dir='ltr'>eo</span> <span class='ocrx_word' id='word_1_47' title='bbox 549 1308 644 1399; x_wconf 81' lang='lat' dir='ltr'>simul</span> <span class='ocrx_word' id='word_1_48' title='bbox 671 1310 776 1389; x_wconf 88' lang='lat' dir='ltr'>valet,</span> <span class='ocrx_word' id='word_1_49' title='bbox 820 1323 856 1372; x_wconf 92' lang='lat' dir='ltr'>ut</span> <span class='ocrx_word' id='word_1_50' title='bbox 885 1308 956 1390; x_wconf 90' lang='lat' dir='ltr'>quis</span> <span class='ocrx_word' id='word_1_51' title='bbox 981 1322 1091 1390; x_wconf 88' lang='lat' dir='ltr'>postea</span> <span class='ocrx_word' id='word_1_52' title='bbox 1119 1308 1228 1373; x_wconf 82' lang='lat' dir='ltr'>ordine</span> 
     </span>
     <span class='ocr_line' id='line_1_9' title="bbox 298 1423 1228 1505; baseline -0.001 -16"><span class='ocrx_word' id='word_1_53' title='bbox 298 1423 448 1490; x_wconf 79' lang='lat' dir='ltr'>disserere</span> <span class='ocrx_word' id='word_1_54' title='bbox 473 1444 507 1490; x_wconf 88' lang='lat' dir='ltr'>ac</span> <span class='ocrx_word' id='word_1_55' title='bbox 536 1426 667 1504; x_wconf 86' lang='lat' dir='ltr'>probare</span> <span class='ocrx_word' id='word_1_56' title='bbox 689 1437 829 1486; x_wconf 88' lang='lat' dir='ltr'>accurate</span> <span class='ocrx_word' id='word_1_57' title='bbox 857 1436 888 1483; x_wconf 90' lang='lat' dir='ltr'>et</span> <span class='ocrx_word' id='word_1_58' title='bbox 914 1424 1124 1486; x_wconf 87' lang='lat' dir='ltr'>demonstrare</span> <span class='ocrx_word' id='word_1_59' title='bbox 1150 1441 1228 1505; x_wconf 84' lang='lat' dir='ltr'>pos·</span> 
     </span>
     <span class='ocr_line' id='line_1_10' title="bbox 216 1535 1225 1628; baseline -0.006 -19"><span class='ocrx_word' id='word_1_60' title='bbox 216 1619 220 1625; x_wconf 69' lang='lat'><em>,</em></span> <span class='ocrx_word' id='word_1_61' title='bbox 297 1542 353 1609; x_wconf 86' lang='lat' dir='ltr'>sit.</span> <span class='ocrx_word' id='word_1_62' title='bbox 402 1544 498 1628; x_wconf 89' lang='lat' dir='ltr'>Quod</span> <span class='ocrx_word' id='word_1_63' title='bbox 521 1539 599 1602; x_wconf 82' lang='lat' dir='ltr'>vidit</span> <span class='ocrx_word' id='word_1_64' title='bbox 626 1536 740 1615; x_wconf 87' lang='lat' dir='ltr'>Plato,</span> <span class='ocrx_word' id='word_1_65' title='bbox 774 1554 870 1616; x_wconf 91' lang='lat' dir='ltr'>quum</span> <span class='ocrx_word' id='word_1_66' title='bbox 900 1535 1057 1603; x_wconf 82' lang='lat' dir='ltr'>solertiam</span> <span class='ocrx_word' id='word_1_67' title='bbox 1087 1538 1167 1603; x_wconf 85' lang='lat' dir='ltr'>illam</span> <span class='ocrx_word' id='word_1_68' title='bbox 1193 1553 1225 1604; x_wconf 90' lang='lat' dir='ltr'>et</span> 
     </span>
     <span class='ocr_line' id='line_1_11' title="bbox 295 1650 1226 1738; baseline -0.006 -15"><span class='ocrx_word' id='word_1_69' title='bbox 295 1658 489 1738; x_wconf 76' lang='lat' dir='ltr'>sagacitatem</span> <span class='ocrx_word' id='word_1_70' title='bbox 520 1651 675 1732; x_wconf 87' lang='lat' dir='ltr'>simulque</span> <span class='ocrx_word' id='word_1_71' title='bbox 702 1650 859 1715; x_wconf 90' lang='lat' dir='ltr'>levitatem</span> <span class='ocrx_word' id='word_1_72' title='bbox 882 1651 976 1733; x_wconf 84' lang='lat' dir='ltr'>hujus</span> <span class='ocrx_word' id='word_1_73' title='bbox 997 1652 1105 1716; x_wconf 88' lang='lat' dir='ltr'>aetatis</span> <span class='ocrx_word' id='word_1_74' title='bbox 1128 1654 1226 1735; x_wconf 64' lang='lat' dir='ltr'>respa</span> 
     </span>
     <span class='ocr_line' id='line_1_12' title="bbox 296 1766 1268 1852; baseline -0.001 -18"><span class='ocrx_word' id='word_1_75' title='bbox 296 1769 408 1849; x_wconf 83' lang='lat' dir='ltr'>ciens,</span> <span class='ocrx_word' id='word_1_76' title='bbox 439 1767 649 1833; x_wconf 79' lang='lat' dir='ltr'>adolescentes</span> <span class='ocrx_word' id='word_1_77' title='bbox 675 1771 792 1851; x_wconf 68' lang='grc' dir='ltr'>χαίρειν</span> <span class='ocrx_word' id='word_1_78' title='bbox 823 1766 957 1843; x_wconf 87' lang='lat' dir='ltr'>diceret,</span> <span class='ocrx_word' id='word_1_79' title='bbox 990 1769 1083 1852; x_wconf 66' lang='grc' dir='ltr'><em>ὥςπερ</em></span> <span class='ocrx_word' id='word_1_80' title='bbox 1110 1773 1226 1840; x_wconf 65' lang='lat' dir='ltr'>exuad-</span> <span class='ocrx_word' id='word_1_81' title='bbox 1261 1820 1268 1833; x_wconf 93' lang='lat'><strong><em>.</em></strong></span> 
     </span>
     <span class='ocr_line' id='line_1_13' title="bbox 296 1885 1224 1970; baseline 0.003 -16"><span class='ocrx_word' id='word_1_82' title='bbox 296 1915 367 1964; x_wconf 77' lang='lat' dir='ltr'>usu,</span> <span class='ocrx_word' id='word_1_83' title='bbox 409 1890 450 1970; x_wconf 75' lang='grc' dir='ltr'>τῷ</span> <span class='ocrx_word' id='word_1_84' title='bbox 478 1885 574 1954; x_wconf 76' lang='grc' dir='ltr'><strong><em>ἕλκειν</em></strong></span> <span class='ocrx_word' id='word_1_85' title='bbox 604 1913 639 1953; x_wconf 80' lang='grc' dir='ltr'>τε</span> <span class='ocrx_word' id='word_1_86' title='bbox 666 1887 716 1958; x_wconf 69' lang='grc' dir='ltr'>καὶ</span> <span class='ocrx_word' id='word_1_87' title='bbox 750 1887 936 1969; x_wconf 66' lang='grc' dir='ltr'>σπαράττειν</span> <span class='ocrx_word' id='word_1_88' title='bbox 965 1891 1007 1969; x_wconf 82' lang='grc' dir='ltr'>τῷ</span> <span class='ocrx_word' id='word_1_89' title='bbox 1037 1889 1118 1970; x_wconf 73' lang='grc' dir='ltr'>λόγῳ</span> <span class='ocrx_word' id='word_1_90' title='bbox 1153 1893 1224 1963; x_wconf 67' lang='grc' dir='ltr'><em>τοὺς·</em></span> 
     </span>
     <span class='ocr_line' id='line_1_14' title="bbox 288 1981 1226 2082; baseline -0.009 -8"><span class='ocrx_word' id='word_1_91' title='bbox 288 2005 421 2082; x_wconf 62' lang='lat' dir='ltr'>arsacias</span> <span class='ocrx_word' id='word_1_92' title='bbox 445 1981 504 2070; x_wconf 79' lang='lat' dir='ltr'>eirl·</span> <span class='ocrx_word' id='word_1_93' title='bbox 524 1999 696 2080; x_wconf 82' lang='lat' dir='ltr'>delectari,</span> <span class='ocrx_word' id='word_1_94' title='bbox 718 2001 894 2067; x_wconf 71' lang='lat' dir='ltr'>cartularum</span> <span class='ocrx_word' id='word_1_95' title='bbox 920 1994 1035 2082; x_wconf 42' lang='lat' dir='ltr'>marcq</span> <span class='ocrx_word' id='word_1_96' title='bbox 1048 2001 1226 2069; x_wconf 77' lang='lat' dir='ltr'>distrahen-</span> 
     </span>
     <span class='ocr_line' id='line_1_15' title="bbox 294 2104 1225 2207; baseline 0 -22"><span class='ocrx_word' id='word_1_97' title='bbox 294 2117 341 2186; x_wconf 80' lang='lat' dir='ltr'>dis</span> <span class='ocrx_word' id='word_1_98' title='bbox 374 2104 559 2207; x_wconf 73' lang='lat' dir='ltr'>disputando</span> <span class='ocrx_word' id='word_1_99' title='bbox 603 2115 839 2204; x_wconf 78' lang='lat' dir='ltr'>lacerandisque</span> <span class='ocrx_word' id='word_1_100' title='bbox 864 2121 1020 2206; x_wconf 80' lang='lat' dir='ltr'>proximis</span> <span class='ocrx_word' id='word_1_101' title='bbox 1057 2119 1225 2204; x_wconf 74' lang='lat' dir='ltr'><em>quibusque</em></span> 
     </span>
     <span class='ocr_line' id='line_1_16' title="bbox 294 2234 1224 2324; baseline -0.006 -19"><span class='ocrx_word' id='word_1_102' title='bbox 294 2254 410 2324; x_wconf 82' lang='lat' dir='ltr'>semper</span> <span class='ocrx_word' id='word_1_103' title='bbox 430 2235 475 2301; x_wconf 60' lang='grc' dir='ltr'>(θ.</span> <span class='ocrx_word' id='word_1_104' title='bbox 521 2234 606 2299; x_wconf 87' lang='lat' dir='ltr'>Haec</span> <span class='ocrx_word' id='word_1_105' title='bbox 633 2234 724 2316; x_wconf 89' lang='lat' dir='ltr'>plane</span> <span class='ocrx_word' id='word_1_106' title='bbox 750 2235 897 2318; x_wconf 85' lang='lat' dir='ltr'>juvenum</span> <span class='ocrx_word' id='word_1_107' title='bbox 926 2234 1122 2299; x_wconf 88' lang='lat' dir='ltr'>consuetudo</span> <span class='ocrx_word' id='word_1_108' title='bbox 1153 2242 1224 2315; x_wconf 83' lang='lat' dir='ltr'>est,&#39;</span> 
     </span>
     <span class='ocr_line' id='line_1_17' title="bbox 294 2342 1226 2436; baseline -0.003 -18"><span class='ocrx_word' id='word_1_109' title='bbox 294 2355 390 2436; x_wconf 77' lang='lat' dir='ltr'>qui,¹</span> <span class='ocrx_word' id='word_1_110' title='bbox 407 2352 588 2435; x_wconf 88' lang='lat' dir='ltr'>priusquam</span> <span class='ocrx_word' id='word_1_111' title='bbox 618 2371 675 2435; x_wconf 89' lang='lat' dir='ltr'>per</span> <span class='ocrx_word' id='word_1_112' title='bbox 710 2351 896 2416; x_wconf 87' lang='lat' dir='ltr'>Socraticam</span> <span class='ocrx_word' id='word_1_113' title='bbox 929 2351 1119 2432; x_wconf 89' lang='lat' dir='ltr'>disciplinam</span> <span class='ocrx_word' id='word_1_114' title='bbox 1151 2342 1226 2432; x_wconf 63' lang='lat' dir='ltr'>purss</span> 
     </span>
     <span class='ocr_line' id='line_1_18' title="bbox 294 2467 1224 2554; baseline 0.001 -20"><span class='ocrx_word' id='word_1_115' title='bbox 294 2469 381 2554; x_wconf 76' lang='lat' dir='ltr'>gari,</span> <span class='ocrx_word' id='word_1_116' title='bbox 402 2488 521 2552; x_wconf 85' lang='lat' dir='ltr'>perque</span> <span class='ocrx_word' id='word_1_117' title='bbox 552 2468 739 2534; x_wconf 89' lang='lat' dir='ltr'>Platonicam</span> <span class='ocrx_word' id='word_1_118' title='bbox 770 2467 906 2533; x_wconf 90' lang='lat' dir='ltr'>instituti</span> <span class='ocrx_word' id='word_1_119' title='bbox 939 2481 1022 2533; x_wconf 90' lang='lat' dir='ltr'>recte</span> <span class='ocrx_word' id='word_1_120' title='bbox 1052 2485 1150 2549; x_wconf 89' lang='lat' dir='ltr'>sunt,</span> <span class='ocrx_word' id='word_1_121' title='bbox 1184 2470 1224 2535; x_wconf 91' lang='lat' dir='ltr'>de</span> 
     </span>
     <span class='ocr_line' id='line_1_19' title="bbox 287 2567 1226 2668; baseline 0.002 -16"><span class='ocrx_word' id='word_1_122' title='bbox 287 2586 559 2654; x_wconf 86' lang='lat' dir='ltr'>·rebus·0mnibus</span> <span class='ocrx_word' id='word_1_123' title='bbox 586 2584 738 2652; x_wconf 90' lang='lat' dir='ltr'>continuo</span> <span class='ocrx_word' id='word_1_124' title='bbox 765 2585 943 2668; x_wconf 89' lang='lat' dir='ltr'>disputare,</span> <span class='ocrx_word' id='word_1_125' title='bbox 966 2605 1115 2667; x_wconf 87' lang='lat' dir='ltr'>suamque</span> <span class='ocrx_word' id='word_1_126' title='bbox 1133 2567 1226 2654; x_wconf 79' lang='lat' dir='ltr'>unice</span> 
     </span>
    </p>
   </div>
   <div class='ocr_carea' id='block_1_3' title="bbox 289 2702 1224 2896">
    <p class='ocr_par' dir='ltr' id='par_1_3' title="bbox 289 2702 1224 2896">
     <span class='ocr_line' id='line_1_20' title="bbox 289 2702 1224 2787; baseline 0.004 -22"><span class='ocrx_word' id='word_1_127' title='bbox 289 2720 488 2785; x_wconf 83' lang='lat' dir='ltr'>propugnare</span> <span class='ocrx_word' id='word_1_128' title='bbox 519 2702 701 2769; x_wconf 88' lang='lat' dir='ltr'>sententiam</span> <span class='ocrx_word' id='word_1_129' title='bbox 736 2702 969 2786; x_wconf 85' lang='lat' dir='ltr'>aggrediuntur.</span> <span class='ocrx_word' id='word_1_130' title='bbox 1013 2702 1224 2787; x_wconf 86' lang='lat' dir='ltr'>Quamobrem</span> 
     </span>
     <span class='ocr_line' id='line_1_21' title="bbox 291 2813 1222 2896; baseline -0.001 -16"><span class='ocrx_word' id='word_1_131' title='bbox 291 2813 371 2880; x_wconf 87' lang='lat' dir='ltr'>idem</span> <span class='ocrx_word' id='word_1_132' title='bbox 402 2815 454 2878; x_wconf 91' lang='lat' dir='ltr'>ille</span> <span class='ocrx_word' id='word_1_133' title='bbox 481 2815 560 2877; x_wconf 87' lang='lat' dir='ltr'>bene</span> <span class='ocrx_word' id='word_1_134' title='bbox 587 2815 762 2894; x_wconf 85' lang='lat' dir='ltr'>cogitandi,</span> <span class='ocrx_word' id='word_1_135' title='bbox 786 2830 860 2878; x_wconf 88' lang='lat' dir='ltr'>uta</span> <span class='ocrx_word' id='word_1_136' title='bbox 888 2815 1041 2880; x_wconf 86' lang='lat' dir='ltr'>Cicerone</span> <span class='ocrx_word' id='word_1_137' title='bbox 1069 2831 1222 2896; x_wconf 86' lang='lat' dir='ltr'>vocatur,</span> 
     </span>
    </p>
   </div>
   <div class='ocr_carea' id='block_1_4' title="bbox 285 2918 1225 3013">
    <p class='ocr_par' dir='ltr' id='par_1_4' title="bbox 285 2918 1225 3013">
     <span class='ocr_line' id='line_1_22' title="bbox 285 2918 1225 3013; baseline 0 -18"><span class='ocrx_word' id='word_1_138' title='bbox 285 2927 437 3012; x_wconf 78' lang='lat' dir='ltr'>magister</span> <span class='ocrx_word' id='word_1_139' title='bbox 458 2928 654 2994; x_wconf 85' lang='lat' dir='ltr'>maturiorem</span> <span class='ocrx_word' id='word_1_140' title='bbox 682 2929 913 3007; x_wconf 86' lang='lat' dir='ltr'>exspectandam</span> <span class='ocrx_word' id='word_1_141' title='bbox 934 2941 1061 2992; x_wconf 88' lang='lat' dir='ltr'>aetatem</span> <span class='ocrx_word' id='word_1_142' title='bbox 1078 2918 1225 3013; x_wconf 84' lang='lat' dir='ltr'>censuit,</span> 
     </span>
    </p>
   </div>
   <div class='ocr_carea' id='block_1_5' title="bbox 191 3043 1225 3132">
    <p class='ocr_par' dir='ltr' id='par_1_5' title="bbox 191 3043 1225 3132">
     <span class='ocr_line' id='line_1_23' title="bbox 191 3043 1225 3132; baseline -0.004 -15"><span class='ocrx_word' id='word_1_143' title='bbox 191 3110 194 3117; x_wconf 90' lang='lat'>.</span> <span class='ocrx_word' id='word_1_144' title='bbox 293 3065 355 3132; x_wconf 87' lang='lat' dir='ltr'>qua</span> <span class='ocrx_word' id='word_1_145' title='bbox 381 3048 531 3132; x_wconf 85' lang='lat' dir='ltr'>juventus</span> <span class='ocrx_word' id='word_1_146' title='bbox 560 3045 599 3109; x_wconf 86' lang='lat' dir='ltr'>ad</span> <span class='ocrx_word' id='word_1_147' title='bbox 622 3043 782 3108; x_wconf 75' lang='lat' dir='ltr'>&#39;severiora</span> <span class='ocrx_word' id='word_1_148' title='bbox 816 3043 891 3106; x_wconf 88' lang='lat' dir='ltr'>haec</span> <span class='ocrx_word' id='word_1_149' title='bbox 920 3043 1023 3108; x_wconf 89' lang='lat' dir='ltr'>studia</span> <span class='ocrx_word' id='word_1_150' title='bbox 1059 3047 1225 3114; x_wconf 89' lang='lat' dir='ltr'>adducere·</span> 
     </span>
    </p>
   </div>
   <div class='ocr_carea' id='block_1_6' title="bbox 279 3159 1225 3812">
    <p class='ocr_par' dir='ltr' id='par_1_6' title="bbox 279 3159 1225 3709">
     <span class='ocr_line' id='line_1_24' title="bbox 292 3159 1225 3231; baseline 0.003 -3"><span class='ocrx_word' id='word_1_151' title='bbox 292 3177 357 3228; x_wconf 87' lang='lat' dir='ltr'>tur.</span> <span class='ocrx_word' id='word_1_152' title='bbox 422 3163 572 3226; x_wconf 88' lang='lat' dir='ltr'>Nondum</span> <span class='ocrx_word' id='word_1_153' title='bbox 600 3160 651 3224; x_wconf 90' lang='lat' dir='ltr'>ille</span> <span class='ocrx_word' id='word_1_154' title='bbox 689 3159 930 3224; x_wconf 88' lang='lat' dir='ltr'>mathematicam</span> <span class='ocrx_word' id='word_1_155' title='bbox 966 3159 1056 3227; x_wconf 88' lang='lat' dir='ltr'>istam</span> <span class='ocrx_word' id='word_1_156' title='bbox 1096 3163 1225 3231; x_wconf 89' lang='lat' dir='ltr'>demon·</span> 
     </span>
     <span class='ocr_line' id='line_1_25' title="bbox 293 3275 1221 3364; baseline 0.003 -23"><span class='ocrx_word' id='word_1_157' title='bbox 293 3276 409 3342; x_wconf 84' lang='lat' dir='ltr'>strandi</span> <span class='ocrx_word' id='word_1_158' title='bbox 442 3275 616 3353; x_wconf 85' lang='lat' dir='ltr'>rationem,</span> <span class='ocrx_word' id='word_1_159' title='bbox 659 3276 748 3359; x_wconf 88' lang='lat' dir='ltr'>cujus</span> <span class='ocrx_word' id='word_1_160' title='bbox 778 3277 861 3358; x_wconf 85' lang='lat' dir='ltr'>leges</span> <span class='ocrx_word' id='word_1_161' title='bbox 893 3275 979 3342; x_wconf 88' lang='lat' dir='ltr'>dedit</span> <span class='ocrx_word' id='word_1_162' title='bbox 1010 3277 1221 3364; x_wconf 82' lang='lat' dir='ltr'>Aristoteles,</span> 
     </span>
     <span class='ocr_line' id='line_1_26' title="bbox 294 3389 1218 3474; baseline 0.002 -17"><span class='ocrx_word' id='word_1_163' title='bbox 294 3411 436 3474; x_wconf 84' lang='lat' dir='ltr'>quaeque</span> <span class='ocrx_word' id='word_1_164' title='bbox 459 3391 491 3456; x_wconf 88' lang='lat' dir='ltr'>in</span> <span class='ocrx_word' id='word_1_165' title='bbox 522 3389 680 3474; x_wconf 77' lang='lat' dir='ltr'>Wolfiana</span> <span class='ocrx_word' id='word_1_166' title='bbox 705 3393 816 3471; x_wconf 76' lang='lat' dir='ltr'>scholi</span> <span class='ocrx_word' id='word_1_167' title='bbox 849 3395 887 3458; x_wconf 85' lang='lat' dir='ltr'>ad</span> <span class='ocrx_word' id='word_1_168' title='bbox 918 3413 1026 3458; x_wconf 89' lang='lat' dir='ltr'>omnes</span> <span class='ocrx_word' id='word_1_169' title='bbox 1062 3395 1218 3459; x_wconf 87' lang='lat' dir='ltr'>doctrinas</span> 
     </span>
     <span class='ocr_line' id='line_1_27' title="bbox 279 3502 1219 3592; baseline 0.001 -18"><span class='ocrx_word' id='word_1_170' title='bbox 279 3508 430 3575; x_wconf 84' lang='lat' dir='ltr'>-adhibita</span> <span class='ocrx_word' id='word_1_171' title='bbox 451 3523 519 3590; x_wconf 90' lang='lat' dir='ltr'>est,</span> <span class='ocrx_word' id='word_1_172' title='bbox 539 3502 713 3592; x_wconf 81' lang='lat' dir='ltr'>cognovit3</span> <span class='ocrx_word' id='word_1_173' title='bbox 737 3510 861 3574; x_wconf 90' lang='lat' dir='ltr'>sivero</span> <span class='ocrx_word' id='word_1_174' title='bbox 885 3508 1109 3589; x_wconf 85' lang='lat' dir='ltr'>cognovisset,</span> <span class='ocrx_word' id='word_1_175' title='bbox 1139 3509 1219 3575; x_wconf 89' lang='lat' dir='ltr'>hanc</span> 
     </span>
     <span class='ocr_line' id='line_1_28' title="bbox 281 3621 1220 3709; baseline 0.004 -18"><span class='ocrx_word' id='word_1_176' title='bbox 281 3625 324 3692; x_wconf 90' lang='lat' dir='ltr'>in</span> <span class='ocrx_word' id='word_1_177' title='bbox 363 3626 472 3707; x_wconf 91' lang='lat' dir='ltr'>primis</span> <span class='ocrx_word' id='word_1_178' title='bbox 504 3629 625 3693; x_wconf 87' lang='lat' dir='ltr'>adultae</span> <span class='ocrx_word' id='word_1_179' title='bbox 663 3626 808 3709; x_wconf 87' lang='lat' dir='ltr'>virilique</span> <span class='ocrx_word' id='word_1_180' title='bbox 851 3625 942 3689; x_wconf 88' lang='lat' dir='ltr'>aetati</span> <span class='ocrx_word' id='word_1_181' title='bbox 988 3621 1220 3697; x_wconf 80' lang='lat' dir='ltr'>destinavisset.</span> 
     </span>
    </p>

    <p class='ocr_par' dir='ltr' id='par_1_7' title="bbox 1135 3743 1220 3812">
     <span class='ocr_line' id='line_1_29' title="bbox 1135 3743 1220 3812; baseline 0.035 -3"><span class='ocrx_word' id='word_1_182' title='bbox 1135 3743 1220 3812; x_wconf 88' lang='lat' dir='ltr'>Nam</span> 
     </span>
    </p>
   </div>
   <div class='ocr_carea' id='block_1_7' title="bbox 279 3874 1215 4062">
    <p class='ocr_par' dir='ltr' id='par_1_8' title="bbox 279 3874 1215 4062">
     <span class='ocr_line' id='line_1_30' title="bbox 280 3874 1215 3950; baseline 0 -18"><span class='ocrx_word' id='word_1_183' title='bbox 280 3903 285 3913; x_wconf 90' lang='lat'><strong>·</strong></span> <span class='ocrx_word' id='word_1_184' title='bbox 326 3878 368 3950; x_wconf 83' lang='grc' dir='ltr'>(ι)</span> <span class='ocrx_word' id='word_1_185' title='bbox 387 3875 792 3950; x_wconf 71' lang='lat' dir='ltr'>nenep.v11.539.ll.&#39;v.</span> <span class='ocrx_word' id='word_1_186' title='bbox 811 3874 955 3947; x_wconf 70' lang='lat' dir='ltr'>wytunb.</span> <span class='ocrx_word' id='word_1_187' title='bbox 983 3875 1016 3930; x_wconf 80' lang='lat' dir='ltr'>ad</span> <span class='ocrx_word' id='word_1_188' title='bbox 1043 3875 1117 3934; x_wconf 76' lang='lat' dir='ltr'>a’tut.</span> <span class='ocrx_word' id='word_1_189' title='bbox 1133 3877 1167 3934; x_wconf 82' lang='lat' dir='ltr'>da</span> <span class='ocrx_word' id='word_1_190' title='bbox 1184 3877 1215 3935; x_wconf 61' lang='lat' dir='ltr'>Sa</span> 
     </span>
     <span class='ocr_line' id='line_1_31' title="bbox 279 3975 1210 4062; baseline -0.01 -27"><span class='ocrx_word' id='word_1_191' title='bbox 279 3975 489 4062; x_wconf 49' lang='lat' dir='ltr'>‚ffifflpm</span> <span class='ocrx_word' id='word_1_192' title='bbox 563 4018 914 4057; x_wconf 38' lang='grc'>,,,“,,,,</span> <span class='ocrx_word' id='word_1_193' title='bbox 1045 3994 1210 4045; x_wconf 31' lang='grc' dir='ltr'>,η.μ</span> 
     </span>
    </p>
   </div>
   <div class='ocr_carea' id='block_1_8' title="bbox 0 0 1500 5220">
    <p class='ocr_par' dir='ltr' id='par_1_9' title="bbox 0 0 1500 5220">
     <span class='ocr_line' id='line_1_32' title="bbox 0 0 1500 5220; baseline 0 0"><span class='ocrx_word' id='word_1_194' title='bbox 0 0 1500 5220; x_wconf 95' lang='lat' dir='ltr'> </span> 
     </span>
    </p>
   </div>
  </div>
 </body>
</html>
