2992 5220
823 466 1017 529 ...140-

455 627 539 711 spud
565 644 636 694 eum
662 638 825 693 'semrooes
855 626 1041 709 profluunt,
1074 628 1105 695 in
1144 643 1282 695 neutram
1307 642 1377 715 par·-

453 755 516 809 tem
543 739 700 826 insignem
740 756 799 805 nec
829 754 936 824 crepat
969 739 1074 808 ubiuis
1102 743 1188 810 vitae
1215 745 1379 812 austerita-

447 869 538 936 tem,
558 869 596 919 ut
616 853 773 938 propriam
794 853 904 920 uirtuti
918 896 929 932 ‚
942 873 999 921 noc
1014 874 1091 922 vero
1111 857 1235 924 levitate
1250 857 1322 943 ipse
1342 877 1378 927 se

451 971 622 1056 petulantia
651 972 811 1067 exsultans
840 970 973 1053 comici,
1005 971 1038 1039 id
1057 974 1226 1039 committit
1253 973 1286 1040 in
1314 983 1384 1043 mo·

450 1088 540 1156 ribus
552 1086 822 1172 opinionibusque
841 1088 1049 1175 exagitandis,
1069 1090 1156 1173 quod
1172 1089 1240 1158 fere
1253 1092 1383 1159 commi·

450 1204 497 1272 sit
533 1204 713 1285 Lucienus,
746 1219 783 1271 ut
816 1223 856 1270 ne
885 1203 948 1268 illis
977 1205 1068 1271 etiam
1097 1221 1262 1291 parceret,
1299 1227 1381 1292 qnae

448 1342 521 1390 cum
550 1321 696 1389 sensibus
716 1335 822 1388 essent
843 1320 974 1389 excelsis
995 1323 1154 1405 rebusque
1169 1324 1283 1391 sanctis
1301 1342 1380 1392 coo·

447 1440 567 1528 juncta.
611 1440 779 1520 Socrates,
799 1452 836 1504 ut
855 1437 963 1523 paucis
993 1436 1119 1523 dicam,
1142 1436 1174 1504 in
1195 1442 1263 1525 ejus
1281 1434 1381 1505 dialo-

452 1556 501 1643 gis
525 1571 630 1641 partes
654 1555 767 1634 habet,
796 1572 862 1619 non
884 1553 1072 1637 Menippus.
1117 1554 1235 1621 Orcum
1263 1553 1380 1621 Lucis·

453 1692 515 1740 nus
538 1686 640 1737 totum
672 1685 704 1735 ct
725 1667 846 1734 fabulas
866 1667 905 1735 de
938 1667 998 1733 diis
1024 1683 1057 1734 ea
1080 1668 1230 1736 heroibus
1249 1668 1295 1736 sic
1322 1661 1383 1737 no-

443 1788 502 1855 ·his
541 1785 731 1871 paoposuit,
761 1800 797 1849 ut
824 1786 927 1869 legere
951 1783 1043 1850 nobis
1068 1787 1193 1870 poiram
1224 1785 1379 1853 comicum

453 1904 635 1985 videamur,
663 1902 873 1969 derideamus
895 1900 1087 1983 identidem,
1115 1914 1151 1967 ut
1171 1902 1260 1987 plebs
1278 1902 1382 1969 'ridere

452 2020 692 2092 Atheniensium
709 2019 857 2098 solebat,
879 2018 1056 2085 comoedias
1074 2033 1233 2103 spectans.
1261 2018 1380 2104 Tangit

454 2140 576 2209 easdem
603 2137 725 2203 fabulas
749 2136 864 2215 Plato,
894 2149 930 2200 ut
958 2135 1052 2200 modo
1072 2133 1103 2200 in
1132 2132 1253 2220 Gorgia
1283 2132 1381 2201 dislo-

453 2275 496 2344 go
528 2255 686 2335 vidimus,
707 2268 740 2319 et
757 2248 834 2320 uo'ro
853 2249 1167 2318 celebratissimorum
1190 2250 1221 2316 in
1242 2250 1381 2334 republi·

381 2354 385 2358 ’
453 2391 491 2438 ca
511 2369 651 2458 vitorum
670 2367 802 2452 ineptias
830 2366 984 2452 exagitat3
1004 2367 1062 2432 sed
1089 2366 1136 2434 sic
1165 2364 1239 2433 facit
1259 2359 1382 2435 utrum·

437 2488 539 2574 que',
577 2501 614 2555 ut
645 2486 797 2571 prodesse
820 2484 969 2565 civibus,
1001 2483 1138 2552 Socratis
1171 2483 1294 2567 instas,
1315 2498 1380 2551 non

454 2606 599 2694 placere,
625 2621 692 2673 oon
719 2601 902 2687 gratificari,
933 2619 998 2669 non
1028 2601 1126 2669 risum
1156 2614 1285 2669 movere
1304 2594 1382 2669 'stu'-

454 2724 538 2790 dest.
582 2719 737 2788 Absurdis
761 2717 886 2785 fabellis
908 2718 1065 2785 meliorem
1094 2716 1259 2784 substituit
1287 2710 1382 2784 simol

458 2840 500 2909 de
528 2836 636 2906 inferis
666 2834 840 2920 divinique
862 2837 986 2903 'manui
1012 2834 1206 2918 doctrinam,
1247 2835 1280 2901 in
1309 2828 1381 2920 per·

396 3027 398 3032 ,
453 2956 644 3044 stringendis
658 2968 760 3022 autem
775 2951 851 3020 viris
875 2951 1039 3036 praeclaris
1061 2953 1144 3019 haud
1171 2964 1292 3036 spectat
1310 2951 1383 3020 uni·

456 3092 515 3153 ce,
549 3074 636 3153 quod
659 3069 851 3133 comicorum
880 3081 953 3146 est,
974 3065 1103 3132 ridendo
1119 3066 1223 3132 dicere
1245 3085 1380 3146 samm,

456 3187 515 3255 sed
539 3187 608 3255 veri
625 3181 787 3271 iustique,
809 3181 866 3247 sed
885 3180 1012 3263 sancti,·
1031 3180 1063 3247 in
1085 3180 1157 3265 ipsa
1174 3182 1275 3250 ironia
1293 3201 1382 3250 caus-

457 3325 523 3374 sam
551 3319 584 3370 et
615 3297 821 3388 patrocinium
841 3312 960 3364 tuetur.
1011 3298 1095 3365 Nam
1126 3297 1226 3365 ironia
1244 3294 1386 3366 domim·
1484 3369 1489 3380 ‚

458 3437 512 3490 tur
536 3421 571 3488 in
588 3423 657 3507 ejus
686 3414 818 3502 dialogis
839 3414 1014 3496 Socratica,
1034 3410 1101 3482 non
1124 3415 1236 3482 comici
1260 3429 1383 3502 proter.

456 3541 539 3608 vitas
561 3533 848 3604 aut'contumacias
871 3532 968 3599 nsum
994 3531 1089 3600 nobis
1109 3531 1315 3599 excitarintet
1338 3536 1383 3599 io-

457 3655 594 3742 gendum
604 3651 780 3731 Lucanus,
802 3650 885 3716 haud
903 3667 996 3717 secus
1014 3663 1109 3733 atque
1128 3648 1379 3732 Aristophanes:

456 3773 490 3841 in
508 3773 638 3840 Platone
662 3768 793 3854 legendo
813 3765 1024 3841 subridemus.

497 3888 559 3957 Est
570 3887 666 3973 igitur
684 3883 741 3953 alin
760 3882 907 3967 quaedam
917 3883 1074 3966 longeque
1090 3879 1129 3944 ab
1142 3877 1328 3946 Aristotelis
1346 3897 1380 3948 et

345 4084 349 4093 ,
456 4004 590 4079 Lucimi
599 4002 718 4070 ratione
726 3999 852 4069 diversa
860 3996 1014 4077 Platonici
1022 3995 1268 4081 dialoginatura.
1286 3996 1384 4083 Quod

1328 4131 1384 4179 au·
1465 4130 1467 4135 ’
