2992 5220
642 456 840 519 -181-
936 472 942 483 “

273 640 379 727 Mona
401 641 445 706 sit
471 654 504 708 et
524 634 672 717 horrida3
695 635 817 702 dicendi
841 650 889 699 ars
909 642 1035 710 autern,
1055 629 1116 695 nisi
1141 628 1203 695 dit·

276 755 415 824 lecticam
446 757 556 820 ducem
594 752 727 831 habeat,
769 748 873 816 futilis
910 749 973 830 sit,
1006 746 1096 812 firmo
1121 759 1207 837 certe

278 876 374 959 gradu
388 891 454 938 non
473 870 577 954 possit
603 869 786 952 procedere.
828 867 1017 951 Exemplum
1046 863 1139 929 nobis
1159 865 1207 928 in·

276 1005 380 1056 certae
407 985 623 1072 hujuscemodi
652 1000 748 1067 atque
779 985 923 1050 erraticae
955 964 1153 1060 rhetoricae,
1172 978 1206 1044 in

170 1093 178 1105 ’
277 1105 442 1183 Phaedro,
474 1118 511 1168 ut
541 1102 640 1166 modo·
665 1099 872 1181 monuimus,
903 1102 992 1167 Plato
1014 1098 1117 1164 dedit:
1141 1080 1210 1179 L'ya

194 1251 199 1260 ·
280 1222 345 1288 siae
368 1223 439 1287 dieo
471 1221 641 1285 orationem
671 1219 776 1298 illam,
809 1236 888 1299 quae
919 1217 1005 1281 nulll
1022 1214 1128 1282 habitu
1156 1212 1209 1278 de·

280 1336 431 1416 finiendi,
471 1337 649 1419 partiendi,
691 1333 921 1415 distribuendi,
959 1333 1046 1398 nulla
1080 1329 1209 1396 omnino

280 1453 464 1520 dialecticae·
483 1451 625 1528 ratione,
650 1462 765 1512 temere
792 1449 945 1528 nulloque
966 1449 1076 1514 ordine
1101 1448 1212 1531 procel·

282 1572 381 1636 deret.
427 1568 489 1632 Sed
516 1579 602 1630 crant
631 1565 699 1646 ejus
729 1575 827 1628 aetate
853 1561 929 1642 alii,
962 1564 1104 1628 rhetores
1139 1578 1215 1647 pro·-

282 1685 352 1769 prie
379 1681 525 1763 dicendi,
549 1680 604 1762 qui
625 1694 706 1743 artes
732 1676 853 1743 dicendi
884 1677 1062 1760 traderent,
1084 1696 1141 1744 nec
1168 1692 1214 1743 ta·

178 1888 182 1897 ,
285 1819 359 1868 men
384 1798 499 1882 magis,
523 1814 614 1878 quarn
636 1794 751 1878 Lysias
780 1793 961 1874 similesque
982 1805 1126 1858 oratores
1151 1796 1218 1859 elo·

287 1915 434 2002 quentiae
470 1913 651 1980 adhiberent
678 1912 880 1976 dialecticam.
924 1910 1073 1975 Festinus
1103 1910 1142 1976 de
1179 1907 1217 1974 iis

288 2032 426 2101 Socratis
457 2044 506 2096 est
536 2047 606 2093 cum
642 2027 782 2092 Phaedro
809 2044 938 2106 sermo,
970 2041 1074 2107 eoque
1100 2043 1218 2109 oppon

288 2151 396 2217 tunius
422 2146 516 2213 nobis
546 2160 634 2210 totus
675 2145 819 2227 legetur,
853 2161 918 2224 quo
946 2141 1114 2209 dilucidius
1147 2142 1220 2209 inde

289 2266 382 2333 nobis
412 2262 572 2348 apparebit
603 2260 779 2328 Platonicae
810 2260 981 2325 rhetoricae
1018 2258 1216 2343 praestantia.

289 2385 372 2451 Nam
394 2397 581 2466 postquam,
615 2378 775 2443 dialectico
808 2377 951 2459 laudata,
979 2379 1077 2458 adron
1111 2380 1221 2462 τέχνην

289 2513 511 2567 memoraverat
550 2497 718 2575 Socrates,
754 2494 922 2576 haeccine,
945 2509 1055 2579 rogat,
1078 2495 1129 2560 illa
1160 2509 1221 2575 est,

291 2615 355 2698 qul
381 2612 636 2694 Thrasymachus
664 2610 781 2692 aliique
800 2611 870 2692 usi,
893 2628 923 2677 et
945 2612 1007 2693 ipsi
1028 2612 1136 2677 diserti
1159 2610 1223 2677 fac·-

291 2730 316 2794 ti
343 2742 470 2793 suntet
498 2725 576 2789 alios
601 2723 720 2789 faciunt
746 2725 928 2806 quicunque
941 2727 1045 2809 ipsis,
1073 2740 1110 2790 ut
1142 2724 1223 2811 regi»

290 2845 370 2925 bus,
393 2860 520 2908 munera
544 2840 683 2906 tribuere
710 2841 850 2906 volunt?
873 2842 937 2909 Cui
968 2843 1150 2923 Phaedrus,
1173 2863 1222 2910 re-

293 2963 339 3045 gii
372 2959 497 3040 quidem
522 2956 566 3019 illi
595 2957 677 3036 viri,
712 2955 862 3038 reponit,
891 2976 957 3020 non
985 2971 1088 3022 tamen
1115 2976 1223 3024 eorum
1280 3017 1285 3024 .

294 3074 408 3158 periti,
431 3090 510 3153 quae
542 3073 696 3151 requiris:
727 3073 806 3137 hanc
840 3086 943 3137 autern
975 3074 1110 3156 speciem
1138 3090 1223 3144 recte

193 3234 196 3239 -
294 3189 372 3255 mihi
398 3187 523 3253 nomine
551 3187 706 3269 appellare
736 3189 872 3269 videris,
894 3188 1090 3256 dialecticam
1120 3210 1226 3275 appe-.-

294 3307 382 3372 lans:
414 3301 570 3369 rhetorica
599 3319 675 3366 vero
705 3319 766 3365 nos
804 3303 886 3385 fugit
912 3306 1026 3370 adhuc.
1061 3339 1108 3359 -
1139 3306 1226 3392 Quid

296 3423 369 3490 ais?
390 3423 581 3488 Praeclarum
618 3436 691 3483 sane
720 3418 781 3496 sir,
807 3421 892 3498 quod
914 3421 951 3485 ab
982 3435 1049 3486 arte
1069 3423 1226 3490 dialectica

297 3543 498 3625 sejunctum,
540 3552 641 3600 tamen
676 3549 743 3598 arte
778 3536 908 3615 quadam
949 3536 1067 3601 addisci
1110 3554 1227 3621 queat;

299 3639 501 3722 veruntamen
541 3672 607 3719 non
652 3653 864 3736 spernendum
897 3653 958 3718 hoc
998 3652 1057 3719 tibi
1091 3656 1233 3740 mihique

300 3787 369 3840 est:
393 3772 558 3838 dicendum
589 3771 705 3856 igitur,
735 3770 811 3852 quid
844 3770 967 3850 reliqua
992 3771 1034 3837 sit
1063 3744 1237 3841 rhetoricae

301 3909 374 3976 pars
400 3902 521 3972 praeter
552 3888 752 3956 dialecticam.
784 3923 831 3940 —
860 3888 1043 3970 Permulta,
1072 3908 1094 3952 o
1125 3889 1236 3954 Socra·

304 4023 372 4116 test,
394 4007 427 4075 iu
464 4005 551 4072 libris
578 4005 618 4072 dt
646 4022 712 4072 arte
738 4004 863 4071 dicendi
896 4005 1020 4090 scriptis
1048 4007 1155 4070 tradita
1180 3990 1236 4070 ei·

1084 4134 1238 4187 stant-
