2992 5220
883 496 1011 569 uun-⁶150
1031 512 1080 533 ι-

519 683 597 751 pere
622 665 661 729 ad
691 659 906 732 informandos
943 662 1003 728 rite
1022 661 1163 744 dialogos
1184 661 1365 728 erumnis
1387 661 1454 728 iuri·

520 781 640 847 tatione
679 776 868 864 profecerit,
896 794 1009 864 omnes
1048 793 1191 858 norunt,
1222 778 1279 859 qui
1305 779 1460 846 attentius

524 910 694 977 utrumque
725 899 892 980 legerunt,
924 914 1048 979 nosque
1067 895 1129 979 ipsi
1148 897 1209 980 jam
1238 893 1459 961 animadverti-

523 1030 594 1081 mus
618 1013 650 1079 in
676 1013 906 1096 superioribus.
935 1008 967 1055 ‘¹’
1009 1011 1054 1077 Et
1081 1010 1147 1079 suit
1169 1028 1244 1077 rane
1272 1012 1388 1078 Cicero
1410 1011 1461 1078 in·

523 1134 596 1198 dole
621 1146 653 1198 et
683 1130 882 1197 institutione
902 1130 1081 1196 Platonicus
1109 1131 1225 1212 plane,
1260 1141 1298 1191 ut
1320 1128 1352 1192 ia
1373 1128 1462 1195 omni

524 1243 704 1332 scriptionis
725 1264 860 1331 genere,
883 1247 914 1311 in
943 1246 1080 1314 oratorio
1106 1246 1226 1326 etiarm
1251 1259 1336 1310 cene
1361 1264 1462 1326 qurum

525 1382 584 1451 pro
613 1364 733 1431 Archir
750 1364 887 1443 diceret,
916 1379 1031 1455 sponte
1054 1378 1086 1428 et
1103 1359 1227 1444 {inscius
1250 1358 1333 1427 forte
1359 1363 1463 1428 luto-

526 1498 597 1550 nem
627 1482 814 1566 exprimeret
843 1498 948 1546 suurn.
1002 1480 1096 1546 Unde
1123 1481 1295 1547 sententiae
1326 1481 1464 1547 celebre·

526 1598 664 1666 tissimae
694 1598 764 1664 illae
784 1598 823 1663 de
850 1597 1007 1662 literarum
1042 1597 1180 1677 studiis,
1214 1599 1254 1662 de
1274 1597 1402 1679 podria,
1421 1598 1464 1665 de

481 1805 484 1808 Α
527 1718 684 1783 communi
708 1715 740 1782 in
764 1712 875 1796 primis
906 1711 1019 1778 artium
1047 1711 1189 1780 vinculo.
1245 1714 1309 1779 Sed
1342 1714 1382 1780 de
1411 1713 1464 1782 uis

528 1843 595 1899 tum
621 1850 768 1918 agemus,
791 1830 845 1896 ubi
868 1830 906 1894 ad
936 1830 997 1896 hoc
1029 1827 1133 1912 ipsum
1160 1831 1273 1898 artium
1300 1831 1464 1901 vmcolum

527 1950 775 2036 pervenerimus.
829 1948 925 2014 Nunc
959 1949 1049 2033 juvat
1077 1947 1343 2031 animadvertere,
1374 1949 1464 2032 quod

529 2067 626 2153 hujm
643 2065 824 2149 praesertim
850 2064 912 2130 loci
933 2077 1005 2146 est,
1034 2065 1073 2129 ad
1089 2064 1293 2131 reducendam
1315 2066 1354 2132 ad
1374 2080 1467 2131 nutu·

528 2202 580 2250 rae
601 2183 831 2264 simplieitatem
853 2181 1091 2263 eloquentiam,
1114 2181 1180 2246 vim
1210 2181 1357 2247 habuisse
1378 2181 1466 2247 miri·

413 2290 417 2297 ’
528 2297 618 2366 ficrm
645 2296 788 2382 dialogos
817 2297 969 2364 Platonis.
1012 2298 1199 2365 nocuerant
1227 2297 1384 2363 Rhetoras
1408 2316 1466 2364 an.

530 2429 581 2484 tea
614 2426 647 2482 et
677 2415 833 2481 docebant
865 2416 1005 2482 Platonis
1035 2431 1157 2496 aetate,
1203 2415 1465 2496 quemadmodum

531 2533 633 2600 oratio
678 2532 739 2598 rite
776 2547 860 2598 esset
890 2533 1082 2613 excolenda,
1124 2546 1161 2597 ut
1191 2533 1364 2612 evidentia,
1393 2547 1467 2600 sira·

532 2646 650 2726 vitate,
675 2647 825 2731 gravitate
861 2668 933 2714 cum
961 2662 1085 2729 caperet
1119 2649 1278 2715 audientes
1313 2650 1468 2731 legentes·

532 2777 596 2842 ve,
614 2776 681 2851 tum
711 2778 830 2832 teneret
850 2784 885 2831 ac
910 2779 1073 2831 moveret:
1096 2766 1182 2830 unde
1203 2769 1310 2850 elgaro
1336 2765 1469 2832 exstitu-

531 2892 628 2961 tunt,
661 2881 804 2948 smdiose
840 2880 1036 2962 elaboratae,
1069 2884 1176 2963 quales
1208 2881 1355 2949 lmcratis
1390 2883 1468 2948 alios

530 3010 665 3079 rumque
685 3010 894 3063 memorantur
918 3013 950 3063 et
965 3013 1137 3080 supersunt
1166 3000 1257 3067 etiam
1281 3019 1367 3066 nunc
1388 3003 1470 3067 mul,

529 3123 592 3175 rae.
639 3111 701 3173 Sed
721 3110 902 3188 Rhetores,
925 3112 972 3174 uti
993 3111 1171 3192 novimum,
1193 3131 1296 3178 artem
1319 3114 1386 3182 sere
1403 3136 1471 3182 nro·

515 3240 519 3245 ·
531 3224 602 3311 gis,
636 3242 728 3307 quam
742 3231 904 3290 'naturam
935 3239 1146 3309 spectarunt,
1174 3227 1345 3310 effecitque
1379 3234 1469 3302 omni

532 3361 612 3409 aevo
632 3342 805 3410 Rhetorice
818 3389 830 3422 ,
845 3357 888 3407 ut
911 3343 1087 3424 diceretur,
1110 3346 1371 3427 quemadmodum
1392 3349 1471 3417 seri·

534 3459 568 3523 iri
596 3474 781 3542 oporteret:
815 3478 881 3527 non
914 3480 1013 3542 vero,
1043 3476 1079 3527 ut
1105 3463 1315 3543 scriberetur,
1357 3487 1470 3550 quem·

532 3576 699 3642 admodum
728 3578 818 3660 loqui
848 3580 1010 3645 solemus·
1044 3580 1272 3648 contemnitur
1299 3583 1360 3649 hot
1379 3603 1470 3668 prae

533 3703 660 3773 ceptum
685 3691 718 3759 in
741 3695 819 3759 artis
844 3695 983 3778 regulis,
1014 3708 1101 3763 nette
1124 3696 1296 3783 negligitur
1320 3698 1406 3781 fert,
1427 3713 1468 3769 ut

532 3807 663 3891 volgum
685 3809 899 3894 omnibusque
926 3824 1038 3878 notum
1054 3853 1068 3894 ‚
1087 3827 1231 3901 ¹tauroque
1255 3814 1341 3883 oni
1363 3823 1469 3887 ente

1402 3933 1471 4003 eio-

571 4057 613 4130 (ι)
632 4032 697 4115 vat
715 4058 739 4112 r.
755 4077 784 4128 ρ.
803 4060 863 4118 ua
952 4075 955 4079 ¹
