2992 5220
845 426 1018 508 -64-s·

467 609 517 677 bis
538 609 608 679 licet
627 608 752 676 ducere.
805 608 924 675 Verum
952 609 1029 674 nihil
1044 610 1104 674 lroc
1125 612 1164 677 ad
1187 611 1395 700 philosophiae

467 725 604 796 Platonis
638 727 737 795 initia.
781 725 1009 806 Persequamur
1037 745 1108 790 cum
1139 704 1268 793 Socrate
1290 745 1394 794 astro·

431 926 437 936 α
466 844 624 922 nomiam,
646 858 814 921 veramque
829 841 897 924 ejus
919 838 1113 904 attendamus
1134 860 1205 905 cum
1227 842 1396 908 instituen-

464 959 520 1026 dae
552 973 619 1026 tura
652 957 825 1025 tractandae
856 956 1028 1039 rationem,
1059 971 1095 1024 ut
1123 957 1261 1041 quaein
1291 973 1394 1025 mente

465 1079 576 1143 nostri
618 1074 764 1141 deorsum
808 1088 981 1158 spectant,
1024 1093 1151 1140 sursum
1189 1077 1391 1142 attollamus:

465 1193 553 1274 quod
581 1209 748 1257 commune
778 1207 827 1257 est
852 1191 937 1274 apud
965 1191 1127 1258 Platonem
1158 1193 1268 1260 harum
1298 1195 1393 1261 disci·

464 1310 616 1394 plicarum
643 1308 857 1393 propositum.
900 1307 937 1373 Id
959 1307 1022 1373 sibi
1051 1308 1174 1374 videtur
1196 1309 1321 1375 Glauco
1354 1311 1395 1376 de

461 1425 653 1493 astronomia
681 1424 750 1506 ipse
777 1422 957 1507 perspicere
984 1423 1148 1490 continuo.
1193 1424 1284 1492 Hanc
1323 1425 1394 1507 qui·

462 1545 557 1624 dem,
582 1542 712 1625 inquit,
734 1553 868 1604 mentem
898 1557 1032 1622 cogere,
1062 1553 1099 1605 ut
1123 1559 1247 1607 sursum
1271 1521 1394 1624 spectet

389 1659 395 1673 ’
460 1676 493 1731 et
525 1660 596 1726 hinc
626 1677 692 1723 eam
722 1658 796 1722 illuc
824 1672 1030 1737 convertere,
1053 1657 1200 1723 omnibus
1219 1659 1301 1724 'esse
1327 1677 1392 1724 ma·

461 1774 612 1843 nifestum
639 1751 776 1840 videtur.
820 1771 885 1840 Cui
920 1772 1085 1840 Socrates:
1118 1773 1391 1857 omnibus-forte,

460 1891 587 1975 iuquit,
618 1905 831 1975 praeterquam
862 1890 964 1957 milii:
1003 1890 1079 1956 mihi
1105 1890 1186 1956 enim
1218 1909 1283 1956 non
1314 1891 1390 1957 item

459 2009 597 2077 videtur.
645 2007 692 2072 Ut
717 2025 802 2073 nunc
833 2006 958 2088 quidem
984 2025 1049 2072 eam
1068 2021 1225 2087 tractant,
1248 2007 1301 2088 qui
1321 2007 1393 2090 phi·

411 2141 415 2148 ’
461 2125 625 2210 losophiae
656 2123 760 2208 ipsum
784 2125 943 2209 jungunt,
966 2137 1002 2189 ut
1024 2124 1170 2190 deorsum
1195 2141 1282 2189 meas
1302 2142 1393 2207 spec·

460 2261 516 2319 tet,
528 2244 649 2312 efficere
668 2242 825 2309 videntur.
859 2240 913 2307 Tu
943 2240 1069 2321 quidem
1089 2236 1221 2305 solerter
1239 2237 1390 2306 informas

427 2418 431 2434 .
459 2383 535 2432 sanc
563 2360 757 2443 disciplinam
785 2376 895 2423 eorum
933 2373 1014 2437 quae
1041 2355 1187 2421 sublimia
1214 2370 1309 2422 stant:
1341 2357 1390 2421 vi·

461 2483 545 2549 deris
583 2478 691 2554 enim,
735 2472 763 2538 si
795 2472 868 2555 quis
900 2471 1054 2552 laquearia
1100 2469 1194 2536 vanis
1223 2470 1386 2537 coloribus

460 2598 544 2682 picta
576 2590 775 2679 suspiciens,
797 2588 970 2673 perceperit
1000 2588 1193 2671 quidquam,
1214 2587 1391 2656 existimare

462 2732 533 2783 eum
562 2724 688 2789 arente,
721 2725 786 2774 non
814 2705 916 2775 oculis
937 2720 1097 2789 spectaret
1129 2724 1164 2771 ac
1195 2704 1278 2771 forte
1303 2722 1389 2773 recte

461 2801 642 2906 existimas,
663 2842 723 2909 ego
746 2841 823 2889 vero
849 2823 974 2906 ineptet
997 2841 1057 2907 ego
1092 2837 1194 2888 autera
1219 2840 1284 2887 non
1314 2841 1391 2905 pos·

460 2965 531 3014 satu
562 2942 639 3008 mihi
670 2940 874 3024 persuadere,
905 2938 989 3004 aliud
1020 2953 1154 3003 mentem
1184 2958 1309 3005 sursum
1329 2941 1391 3006 tol·

459 3066 547 3144 lere,
570 3060 631 3126 nisi
656 3059 738 3124 iliam
766 3050 980 3139 disciplinam,
1004 3072 1085 3137 qnae
1110 3054 1143 3121 id
1159 3055 1247 3137 quod
1265 3070 1313 3121 est
1331 3074 1389 3122 nec

459 3178 578 3265 percipi
602 3176 701 3243 oculis
734 3188 862 3257 potest,
893 3184 1028 3255 spectat.
1077 3171 1203 3258 Quodsi
1223 3173 1295 3255 quis
1322 3174 1393 3241 sive

459 3313 586 3362 sursum
609 3289 755 3368 inhians,
777 3287 846 3355 sive
865 3305 1040 3354 conversus
1059 3287 1231 3369 deorsum,
1253 3308 1388 3371 eorum,

461 3431 541 3498 quae
573 3408 720 3476 sensibus
754 3420 886 3490 patent,
919 3404 1040 3488 aliquid
1067 3406 1228 3491 percipere
1257 3407 1388 3486 studet,

457 3549 516 3599 nec
542 3530 661 3595 discere
687 3543 759 3592 eum
788 3523 878 3590 dico:
902 3522 1064 3589 scientiam
1092 3522 1174 3589 enim
1206 3539 1315 3587 eorum
1339 3540 1390 3588 cs·

460 3665 497 3714 se
522 3648 655 3711 nullam:
686 3661 743 3709 nec
771 3661 896 3707 sursum
930 3641 999 3724 ejus
1025 3651 1182 3718 mentem,
1214 3638 1269 3704 scd
1297 3639 1390 3706 deor·

460 3780 529 3829 sum
559 3777 723 3842 spectare,
765 3757 885 3823 etiamsi
912 3756 1078 3839 resupinus
1105 3754 1137 3820 in
1166 3770 1266 3824 terrae
1296 3759 1395 3826 litore

457 3878 509 3960 qcl
532 3874 621 3939 maris
660 3890 797 3951 aequore
825 3873 956 3955 jacens,
997 3870 1168 3952 quidquam
1202 3872 1387 3954 perceperit.

459 3992 585 4081 Quibus
602 3986 740 4058 monitus
757 4005 792 4052 ac
813 3985 1020 4070 reprehensus
1044 3985 1285 4070 Glauco,>laqo
1301 3990 1387 4072 ἔχω,

1317 4121 1390 4194 pcc-
