2992 5220
646 448 820 510 ..88-

271 649 336 711 gire
358 645 445 716 ..qnae
462 648 512 694 ‘ex
531 626 734 709 Anaxagorae
761 623 962 707 philosophia
979 622 1208 689 manavitcio·

273 746 423 827 quentia,
444 744 484 808 ad
508 741 584 807 artis
616 740 746 808 formam
771 740 1024 824 diligentiamque
1044 740 1082 806 ab
1112 741 1213 806 Anti·

272 862 396 946 phonre
423 859 527 927 adacta
557 872 626 939 est,
656 856 853 940 Thucydidis
884 870 1109 940 praeceptore,
1152 855 1210 923 cui

274 991 383 1070 gratus
402 974 576 1073 discipulus
607 974 727 1041 debitas
745 973 854 1040 laudes
876 975 1006 1040 retulit:
1033 981 1207 1060 Ἀντιφῶν,

218 1154 221 1159 .
280 1090 352 1184 ait,
369 1098 440 1178 ἀνὴρ
466 1097 624 1173 ’alaucho
644 1102 700 1162 cciv
719 1096 784 1161 καθ’
804 1095 908 1161 ἑαυτὸν
932 1095 1022 1175 riparii
1041 1119 1076 1160 ca
1095 1094 1209 1168 οὕδενσς

274 1211 402 1296 ,ῧςεροω
423 1212 474 1281 uari
499 1211 636 1292 ararica
662 1212 851 1290 salvantium
878 1209 1033 1287 γενόμενος
1058 1209 1108 1274 καὶ
1127 1204 1149 1275 ἃ
1170 1209 1213 1280 ἂν

280 1328 363 1407 γνοίη
387 1328 481 1394 εἰπεῖν
501 1319 531 1363 ‘¹‘
588 1320 723 1389 Exstitit
751 1318 893 1386 similiter
916 1318 1054 1384 Platonis
1088 1332 1210 1400 aetate,

279 1438 335 1521 qui
351 1456 390 1507 ex
422 1457 532 1518 novo,
565 1437 652 1518 quud
678 1436 841 1518 sophistae
869 1446 1076 1518 pepererant,
1097 1432 1204 1517 philo·

279 1557 434 1639 sophandi
465 1572 578 1640 genere
605 1570 718 1617 novam
743 1549 865 1616 dicendi
890 1549 1041 1615 rationem
1060 1547 1212 1615 informa·

279 1685 350 1748 ret,
383 1671 560 1747 Isocrates,
601 1666 741 1751 Gorgiae
769 1666 944 1750 discipulus
980 1666 1033 1732 ‘¹³2
1077 1684 1208 1752 magnus

281 1783 356 1849 item
370 1795 508 1875 orator,
530 1781 668 1849 omnium
691 1802 789 1866 veto,
813 1783 868 1869 qui
890 1799 986 1852 artem
1014 1783 1213 1869 eloquentiae

240 1945 242 1949 v
283 1912 476 1993 tractarunt,
498 1900 593 1985 longe
610 1901 758 1986 princeps
779 1916 810 1971 et
829 1902 1062 1970 celeberrimus.
1106 1902 1214 1987 Hujus

281 2016 344 2087 viri
369 2035 462 2107 quam
484 2019 546 2082 late
572 2017 706 2099 patuerit
731 2018 835 2086 visin
861 2037 955 2086 omne
983 2019 1140 2084 literarum
1160 2036 1213 2101 ge·

281 2154 370 2212 rius,
400 2150 419 2197 c
450 2132 605 2199 Cicerone
632 2133 829 2216 intelligitur.
883 2134 968 2200 Ecce
995 2133 1054 2199 tibi
1083 2147 1211 2202 exortus

285 2262 355 2332 cst,
386 2246 451 2328 ait,
484 2245 662 2328 Isocrates,
693 2248 785 2332 cujus
818 2249 959 2331 eludo,
991 2263 1147 2333 tamquam
1174 2269 1214 2320 ex

284 2382 367 2461 equo
389 2363 552 2450 Trojano,
574 2364 651 2431 meri
670 2363 829 2448 principes
849 2366 1013 2450 exierunt3
1036 2370 1093 2435 scd
1103 2388 1213 2437 eorum

276 2481 400 2569 ,partim
422 2480 455 2547 in
483 2498 622 2566 pompa,
645 2479 757 2564 partim
774 2482 808 2548 in
829 2484 894 2551 acie
913 2484 1050 2553 illustres
1069 2507 1138 2556 esse
1158 2507 1217 2556 vo-

289 2601 429 2670 luerunt.
494 2598 604 2679 ltaque
633 2615 664 2663 et
692 2598 762 2676 illi,
802 2599 1029 2686 Theopompi,
1067 2605 1217 2687 Ephori,

288 2713 439 2795 Philisti,
460 2713 635 2780 Naucratae
653 2715 808 2798 multique
833 2717 885 2783 alii
905 2724 1016 2786 natura
1049 2719 1216 2788 differunt:

288 2831 451 2899 voluntate
480 2844 582 2899 autem
614 2830 730 2905 similes
756 2846 856 2916 sunt,
887 2848 918 2900 et
945 2832 1027 2901 inter
1060 2853 1151 2918 sese,
1183 2850 1217 2905 ec

290 2948 449 3034 magistri:
485 2960 516 3011 et
547 2945 593 3029 ii,
625 2946 744 3029 quise
770 2952 809 3015 ad
835 2967 966 3016 caussas
990 2955 1216 3032 contulerunt,

292 3078 329 3129 ut
338 3062 592 3141 Demosthenes,
609 3062 984 3149 Hyperides,Lycurgus
994 3111 1007 3143 ,
1019 3067 1216 3150 Aeschines,

291 3180 469 3250 Dinarchus
496 3178 612 3263 aliique
640 3183 838 3265 complures,
868 3182 928 3248 etsi
957 3181 1038 3248 inter
1064 3201 1100 3250 se
1128 3202 1218 3267 pares

290 3318 358 3368 non
385 3296 537 3379 fuerunt,
559 3311 662 3365 tamen
695 3312 770 3365 sunt
798 3316 907 3365 omncs
938 3297 969 3363 in
1000 3298 1108 3366 eodem
1139 3301 1222 3368 veri-

291 3416 365 3484 tatis
395 3416 540 3484 tutandae
565 3433 677 3501 gcncrc
701 3415 815 3489 versati
837 3412 881 3484 ω.
931 3415 1027 3503 Quod
1048 3416 1128 3484 idem
1153 3417 1222 3485 aliis

1152 3552 1222 3602 ver·

331 3719 372 3790 (a)
392 3717 479 3773 Thac.
496 3719 579 3774 vin.
596 3739 621 3775 c.
638 3723 681 3778 68.
700 3722 744 3776 Cf·
761 3721 871 3778 nuhnl.
890 3724 994 3792 Opust.
1011 3721 1075 3777 vot
1088 3722 1112 3777 1.
1123 3739 1154 3791 p·
1164 3723 1225 3795 1⁴9·

332 3817 373 3889 (ι)
392 3817 428 3871 V.
442 3818 501 3872 Cic.
513 3820 546 3872 da
561 3819 668 3874 senech.
680 3841 705 3877 c·
715 3823 742 3876 5.
794 3823 835 3893 (5)
855 3821 915 3880 Cic.
934 3822 967 3873 de
978 3823 1057 3876 Orat.
1076 3819 1114 3876 ll.
1131 3837 1176 3878 aa·
1192 3819 1229 3874 do

287 3915 451 3981 „Ruhnkanii
461 3920 616 3987 conjectura
627 3919 730 3989 Opuac·
746 3919 811 3974 vol.
832 3920 857 3974 Ι.
867 3937 896 3989 p.
906 3919 968 3974 555.
984 3919 1075 3991 Vulgo
1085 3918 1183 3992 iegitur
1198 3920 1233 3978 ris

295 4016 388 4075 aco»
401 4014 532 4073 mara
547 4015 711 4073 raram
731 4017 779 4077 ct.
795 4016 835 4074 aa.
853 4017 888 4075 aa
903 4016 990 4077 aaa
1008 4017 1048 4075 ιι.
1064 4021 1092 4077 c.
1107 4035 1137 4092 p
1154 3997 1199 4091 ’μ
