2992 5220
647 451 836 516 ..147-

273 615 370 684 tando
388 617 607 697 considerans,
626 632 661 682 vt
679 637 774 683 unum
785 663 797 697 ,
810 631 840 682 et
862 617 963 680 omnia
979 615 1086 684 haecce
1103 623 1200 707 utroq
1245 656 1248 661 ·

273 735 422 821 efficient,
439 736 685 820 grammaticam
710 749 839 814 artem,
870 748 906 799 ut
943 751 1036 797 unam
1067 735 1201 826 qmnlbap

273 869 487 930 commouent,
508 853 564 917 hoc
596 853 714 915 nomina
736 854 868 929 vocavit.
888 847 922 891 (Ψ
986 901 988 905 .

317 969 476 1049 Campum
503 967 555 1031 hlc
586 984 661 1032 sane
689 959 889 1048 philosophis
924 965 1103 1033 immensum
1132 944 1204 1050 aps:

275 1083 340 1149 ruit
366 1083 479 1164 Plato,
511 1083 544 1147 in
576 1102 668 1165 quem
705 1100 920 1150 excurrerentt
953 1097 985 1150 et
1015 1101 1126 1165 operae
1153 1094 1203 1151 est

266 1193 419 1283 'prolecto
444 1198 605 1283 pretium,
636 1218 716 1282 quae
745 1199 852 1281 paucis
881 1200 924 1264 ita
944 1201 996 1267 ille
1025 1198 1065 1265 de
1100 1217 1202 1287 rerutp

273 1315 456 1382 inventione
481 1317 625 1397 monuit,
650 1316 813 1399 dillgenter
846 1315 878 1379 in
898 1314 1044 1380 omnibus
1065 1315 1201 1399 inventis

271 1430 450 1515 singulatim
473 1431 629 1513 persequi.
676 1412 756 1495 Tam
778 1433 840 1496 late
860 1446 944 1510 patet
964 1432 1037 1497 haec
1053 1427 1203 1513 disquisi-

273 1546 341 1628 tio,
364 1562 399 1612 ut
417 1565 542 1614 omnem
560 1545 697 1612 hominis
716 1564 733 1610 a
758 1544 922 1611 tenerrimi
941 1547 1014 1613 inde
1041 1562 1140 1614 aetate
1158 1526 1199 1634 ap

273 1663 526 1746 cognoscendum
551 1661 813 1745 judicandumque
838 1649 1089 1746 progressionem
1117 1682 1203 1731 corn·

274 1781 439 1862 plectatur.
482 1777 566 1845 Nam
598 1794 633 1843 ut
663 1793 775 1846 cuncta
796 1777 924 1845 infantis
954 1779 1099 1846 sensibus
1127 1799 1204 1882 cop·

275 1891 372 1975 fusa,
402 1898 641 1979 συγκεχύμεναι,
672 1908 822 1977 apparent
856 1896 1016 1977 primum,
1056 1895 1099 1959 ita
1134 1896 1202 1977 ipse

274 2011 421 2093 deinceps
454 2010 633 2090 cernendo,
664 2009 912 2093 distinguendo,
944 2011 1133 2075 numerando
1161 2009 1202 2093 acl

211 2160 217 2173 ·
274 2148 324 2197 res
356 2126 610 2212 cognoscendas,
634 2125 696 2190 imo
721 2125 877 2193 videndas·
899 2141 1008 2207 recte,
1039 2126 1197 2211 procedit:

275 2245 359 2311 unde
388 2264 515 2309 cernere
541 2244 639 2327 ipsam
657 2243 741 2325 apud
774 2241 907 2309 Latinos
939 2241 1063 2309 videndi
1083 2214 1204 2327 signifi*

275 2361 430 2429 canonem
453 2361 560 2429 habet.
603 2361 728 2429 Invenit
756 2374 859 2425 autem
879 2360 921 2425 ita
941 2360 1084 2445 ipseper
1106 2379 1199 2443 sese,
1286 2390 1289 2397 ·

275 2493 356 2561 quot
382 2478 446 2544 sint
469 2494 501 2571 et
526 2477 628 2560 qualia
662 2486 868 2560 quaecunque
902 2476 1020 2558 oculis,
1051 2477 1201 2559 auribus,

274 2593 404 2661 caeteris
433 2594 577 2660 sensibus
598 2594 757 2678 percipit.
802 2594 875 2680 Quo
905 2593 964 2673 fit,
987 2609 1023 2659 ut
1051 2594 1203 2677 propria,

275 2724 313 2775 ut
339 2709 444 2775 innata
487 2708 609 2774 homini
644 2711 785 2776 videatur
814 2730 863 2775 ars
892 2712 1093 2790 numerandi,
1127 2717 1206 2793 qliae

273 2827 342 2910 ipsa
362 2827 519 2894 cernendo
533 2828 760 2911 jungendoque
777 2827 931 2910 procedit.
958 2828 1030 2893 Nos
1048 2827 1078 2892 id
1096 2828 1202 2911 philo·

274 2944 386 3027 sophis
398 2945 607 3028 peragendum
629 2944 857 3025 relinquimus,
880 2944 1114 3027 quiprofe'cto,
1135 2962 1201 3024 quo

274 3057 455 3140 diligentius
482 3061 561 3124 hane
593 3062 727 3139 nativam
747 3060 882 3126 hominis
905 3059 1080 3125 inveniendi
1102 3073 1133 3126 et
1155 3080 1204 3129 ra·

274 3171 394 3250 tionem
422 3186 455 3238 et
490 3173 667 3240 facultatem
695 3177 950 3262 exploraverint,
982 3195 1026 3251 ,eo
1053 3144 1206 3266 efficacius

276 3308 346 3365 nos,
364 3307 436 3355 cum
472 3290 511 3354 ad
543 3304 644 3355 totum
673 3294 887 3373 explicandum
914 3291 1094 3373 Philebum,
1137 3307 1204 3379 tum

275 3407 316 3474 ad
338 3407 396 3485 bas
424 3406 669 3490 interpretandas
697 3407 835 3474 Platonis
858 3398 908 3475 de⁸
925 3410 1062 3477 musicae
1077 3422 1114 3487 ‚et
1135 3411 1205 3499 lito·

276 3543 379 3592 rarum
421 3522 604 3590 inventione
638 3523 807 3589 sententias
833 3526 1036 3608 adjuvabunt.
1098 3527 1202 3612 Quspr

279 3640 365 3709 enim
401 3639 567 3706 infantium
594 3657 665 3705 esse
703 3638 838 3717 diximus
874 3639 1111 3722 conditionem,
1145 3657 1204 3724 ut,

279 3775 360 3843 quae
390 3756 468 3841 ipsis
504 3756 640 3839 primum
679 3756 827 3825 videntur
860 3755 1015 3844 confusa,
1048 3759 1204 3851 cernenbo

1147 3888 1206 3941 llll*

306 4007 612 4090 (lim-²⁸2⁸&
716 4078 720 4089 Ι
810 4064 846 4073 ..

335 4119 338 4124 “
730 4110 802 4178 K!
