2992 5220
652 449 845 498 -212··

276 610 355 676 idem
390 611 442 676 hic
471 612 612 695 dialogus
643 624 716 690 est,
760 623 956 693 quantopere
980 606 1019 673 ad
1046 624 1110 674 rem
1138 626 1207 674 non

277 730 386 805 solum,
400 727 561 811 jucunde,
603 707 660 793 sed
686 726 819 791 interius
847 724 938 791 etiam
965 725 1206 808 exquirendam,

276 844 381 908 eadem
412 820 463 910 illa
487 843 565 909 ratio
588 846 700 920 valeat.
743 842 848 924 Nam,
871 859 1037 926 postquam
1063 844 1208 911 convivis

277 960 415 1043 placuita
445 996 494 1014 -
525 979 590 1027 rem
614 979 709 1044 supra
743 960 973 1042 enarravimus,
1004 960 1057 1026 hlc
1082 975 1207 1044 autem,

276 1078 418 1160 opinor,
461 1063 640 1144 meminisse
675 1076 819 1163 juvabit:
853 1113 900 1131 -
930 1077 1073 1146 convivis
1112 1076 1212 1166 igitur

277 1181 448 1277 postquam
479 1193 626 1259 omnibus
655 1194 792 1276 placuit,
828 1207 865 1259 ut
895 1193 955 1262 sul
983 1194 1120 1279 quisque
1142 1198 1212 1265 vice

270 1328 412 1376 >amorem
441 1308 634 1389 celebraret,
677 1309 775 1392 prima
804 1311 928 1391 oratio,
955 1332 1051 1394 2quae
1074 1312 1213 1381 'Phaedri

278 1440 353 1508 est,
384 1427 417 1492 in
445 1426 587 1492 medium·
609 1443 669 1488 nos
697 1417 912 1506 argumentum
938 1427 1071 1491 traducit
1091 1445 1210 1496 extem-

280 1533 348 1624 plo.
392 1541 577 1608 Encomlum
601 1538 684 1604 enim
706 1539 821 1606 amoris
847 1552 916 1619 cst,
939 1559 1004 1623 quo
1029 1556 1099 1609 tum
1116 1545 1209 1612 do'tes

278 1658 336 1725 Dei
367 1656 551 1735 laudantur,
595 1669 663 1720 tum
697 1654 797 1739 ipsius
832 1661 946 1723 amoris
977 1651 1149 1726 celebratur
1177 1662 1211 1745 in

277 1774 371 1839 rebus
399 1771 543 1838 humanis
570 1769 619 1837 vis
647 1784 679 1837 et
702 1771 884 1838 auctoritas.
928 1773 991 1839 ch
1021 1775 1210 1860 Pausanias,

280 1910 361 1972 quae
379 1891 557 1975 praeclare,
579 1887 634 1954 sed
658 1905 724 1955 non
743 1889 818 1954 satis
841 1888 988 1957 distincte
1002 1891 1084 1958 dicta
1102 1909 1209 1977 erant,

279 1998 447 2074 cernendo·
460 2007 565 2092 aptius
593 2005 781 2088 pleniusque
809 2007 965 2072 enunciat.
1009 2008 1099 2096 Quae
1114 2011 1214 2080 Phao-

272 2126 355 2191 dms
377 2123 480 2204 dixit,
513 2119 642 2206 inquit,
683 2117 753 2188 sine
779 2123 964 2207 exceptione
988 2126 1137 2193 laudanda
1161 2147 1213 2194 es·

279 2257 380 2322 sent,
393 2240 422 2306 si
443 2258 527 2306 unus
557 2254 640 2306 esset
669 2258 776 2305 amor:
800 2259 907 2307 verum
926 2243 1007 2307 enim
1023 2290 1035 2323 ‚
1053 2263 1124 2310 cum
1145 2247 1211 2332 duo

278 2357 369 2440 sint,
390 2372 428 2423 ut
453 2357 532 2422 duae
554 2354 816 2454 suntVenercs,
848 2359 925 2423 alter
950 2359 1109 2441 Uranius‚
1141 2365 1214 2429 vul-

270 2474 362 2559 -garis
395 2476 493 2554 alter,
536 2472 763 2558 distinguamus
790 2473 851 2539 hos
880 2470 1007 2558 oportet
1032 2469 1210 2563 diligenter.

281 2593 352 2677 Qua
372 2592 538 2659 Pausanias
568 2591 779 2676 distinguendi
801 2592 962 2678 diligentia
988 2596 1053 2660 veri
1076 2600 1211 2684 amoris,

279 2726 373 2789 quem
403 2724 581 2789 respexerat
614 2710 792 2788 Phaedrus,
836 2709 900 2774 vim
937 2726 969 2774 et
1001 2711 1213 2784 efficacitatem

280 2837 379 2890 totam
398 2821 522 2888 demum
543 2821 576 2888 in
592 2824 692 2888 lucem
713 2821 847 2904 profert.
893 2823 976 2886 Tum
1001 2842 1076 2889 vero
1095 2827 1214 2912 Eryxi-

281 2941 430 3024 machus,
471 2940 617 3006 cernendi
646 2940 708 3006 hoc
729 2937 866 3003 studium
890 2951 923 3004 er
950 2940 1087 3023 probans
1117 2947 1216 3014 velle·

280 3075 401 3125 menter
435 3073 466 3124 ct
493 3057 563 3142 ipse
589 3073 768 3138 usurpans,
810 3067 983 3137 utrumque
1010 3076 1145 3128 amorem
1177 3065 1212 3132 in

281 3180 348 3242 tota
379 3193 481 3239 rerum
507 3175 617 3237 natura
644 3170 856 3253 omnibusque
881 3171 913 3236 in
933 3172 1050 3240 artibus
1071 3196 1214 3250 accurate

279 3287 457 3372 distinguit.
502 3288 539 3354 ln
567 3287 627 3354 his·
650 3288 805 3373 singulis,
827 3307 921 3357 nemo
948 3307 1020 3373 est,
1042 3295 1119 3376 quin
1139 3312 1214 3367 ana'·

278 3406 401 3491 lyricam
415 3397 581 3477 ¹ultionem
610 3420 725 3489 sponte
755 3405 997 3473 animadvertat:
1029 3425 1132 3492 aptam
1153 3430 1212 3480 au·

276 3537 340 3589 tem
367 3521 445 3589 lianc
469 3541 542 3590 esse
562 3521 759 3606 potissimum
783 3523 822 3587 ad
844 3541 893 3588 res
913 3523 1042 3590 interlus
1063 3526 1213 3614 indagan.

276 3637 331 3704 das
359 3634 641 3721 explicandisque,
663 3640 804 3722 proxima
832 3639 981 3724 probant.
1022 3644 1214 3730 'Aristopha-

277 3755 327 3822 nis
356 3753 439 3821 enim
463 3748 588 3835 sermo,
611 3755 885 3838 ur-meminimus',
907 3754 1113 3844 inprimisque
1129 3782 1214 3844 quae

277 3877 421 3944 Socrates
442 3864 579 3942 tandem
615 3873 782 3957 profertp
802 3875 901 3961 ipsam
930 3888 1072 3960 spectant
1094 3878 1211 3949 amoris

273 4007 425 4066 naturam.
477 3990 632 4058 Homines
646 3990 827 4079 distinguit
854 3993 1019 4082 cominu,
1034 3997 1105 4080 -qui
1130 4000 1208 4066 ollm

266 4123 270 4132 ·
696 4124 706 4159 2
736 4130 763 4159 v
1136 4109 1214 4182 fue·
