2992 5220
501 485 695 552 ’'¹5¹⁸''

128 653 328 737 cloquentite
350 650 521 716 adhibitum
541 664 608 717 eat:
638 665 703 735 quo
733 652 875 734 factum,
908 674 943 724 ut
971 659 1062 725 inne.
1147 687 1149 690 <

128 789 233 838 anetae
250 767 430 836 exstiterint
451 766 630 850 orationes,
661 789 742 852 quas
760 772 984 840 admirarentur
1010 797 1067 841 au·

127 889 275 968 diener,
299 905 438 970 paucae,
470 885 586 969 quibus
614 902 815 955 moverentur
845 890 930 958 intus
958 894 1069 958 melio·

132 1012 248 1077 resque
266 993 388 1060 fierent.
433 993 543 1073 Itaque
558 992 715 1076 principos
738 1010 902 1078 oratores,
926 999 1065 1080 quinon

132 1129 222 1193 arte,
243 1111 300 1177 sed
330 1109 437 1177 indole
461 1111 568 1177 diserti
582 1102 737 1193 fuerunt,
770 1132 838 1195 quo
859 1115 957 1199 magis
979 1131 1071 1182 natu-

135 1248 199 1293 rara
231 1227 438 1311 exprimerent
465 1227 601 1293 dierum
627 1227 736 1294 etsie
760 1232 984 1314 persuaderent
1011 1233 1071 1298 ha·

129 1344 274 1421 erunibus
304 1343 490 1426 efficaciter,
527 1344 688 1429 tragicos,
719 1347 882 1429 comicos,
913 1349 1071 1434 optimos·

130 1480 198 1542 que
226 1461 419 1544 dialogorum
440 1463 612 1545 scriptores
635 1482 758 1531 summo
779 1466 886 1530 studio
904 1468 1069 1552 legerunt:
1179 1447 1181 1450 ⁵

131 1579 170 1647 in
202 1580 251 1647 his
277 1580 398 1662 quippe
429 1580 562 1645 oraxime
590 1581 759 1648 naturalem
787 1583 941 1665 loquendi
977 1584 1075 1648 ratio·

134 1712 233 1774 netu,
255 1697 407 1763 aculeato
435 1696 518 1762 illam
546 1698 730 1779 quidemst
756 1701 907 1783 politam,
937 1703 993 1768 sed
1021 1720 1076 1768 nt-

134 1813 269 1877 molen
302 1825 405 1876 tamen
424 1811 647 1894 agnoscebant.
692 1814 744 1880 Eo
765 1831 868 1882 autem
890 1816 967 1900 quid
993 1821 1078 1885 vale·

141 1945 176 1991 re
202 1925 299 2010 magis
315 1926 450 2008 potuit,
484 1926 558 2008 quid
583 1946 692 2010 reapse
710 1930 748 1995 ad
776 1931 835 1996 rite
854 1933 1077 2002 informandam
1103 1938 1109 1948 '

139 2043 367 2111 Demosthenis
394 2042 565 2109 orationem
597 2045 694 2129 magis
725 2046 849 2128 valuit,
881 2067 974 2130 quarn
1012 2048 1076 2114 dia-

107 2189 110 2194 ·
142 2163 288 2244 logorurn
326 2162 556 2227 Platonicorum
592 2163 819 2232 lectio‘l-Sunt
851 2165 896 2231 illi
928 2184 1078 2249 prorsus,
1163 2144 1166 2149 ¹

143 2295 179 2347 ut
209 2279 294 2361 apud
311 2280 414 2361 ipsum
436 2295 510 2360 est,
541 2282 610 2346 vivi
641 2282 832 2363 animarique
843 2283 1005 2366 sermonis
1035 2284 1080 2349 si·

92 2431 93 2434 *
145 2399 298 2464 arulacrar
333 2398 416 2463 inest
440 2398 480 2463 iis
510 2397 669 2463 familiaris
701 2400 853 2479 colloquii
881 2399 1012 2464 facilitas
1048 2414 1082 2465 et

145 2515 237 2597 qtrasi
250 2515 368 2587 tandm
391 2515 540 2582 nativus:
563 2516 672 2581 insunt
692 2514 844 2597 facetiae,
865 2518 950 2602 joci,
969 2534 1081 2582 sensns

142 2633 222 2699 uarii
243 2632 461 2714 affectusque,
485 2631 636 2700 sublimes
660 2634 703 2698 iili
729 2635 887 2721 subinde,
903 2638 965 2701 sed
986 2654 1085 2719 spon·

146 2768 179 2816 te
213 2750 352 2847 prolati:
386 2751 469 2816 inest
495 2769 571 2816 vcro
594 2750 703 2817 iisdem
722 2765 754 2817 et
784 2753 885 2817 multo
916 2772 990 2819 sane
1021 2771 1086 2817 rna·

73 2951 76 2955 .
149 2869 218 2952 gis,
261 2887 353 2949 quam
381 2868 415 2932 in
440 2867 632 2933 comicorum
665 2868 919 2952 tragicoromque
944 2868 1084 2948 fabulis,
1118 2876 1120 2882 '

142 2984 376 3071 philosophia,
410 3002 501 3051 verae
531 2983 730 3066 eloquentiae
761 2982 964 3068 procreatrix.
1009 2982 1088 3067 Egi·

108 3085 114 3111 ¹
149 3123 219 3170 rous
247 3104 310 3188 jam
348 3101 426 3168 satis
455 3101 527 3170 fuse
554 3104 593 3170 de
619 3103 801 3185 eloquentia
831 3101 1084 3180 Demosthenis,

148 3221 307 3304 attigimus
338 3221 413 3286 item
453 3221 547 3285 simul
575 3221 772 3284 dramaticum
807 3219 954 3284 dictionis
995 3219 1087 3282 ratio-

149 3355 245 3417 nem,
273 3353 354 3415 quae
383 3333 532 3413 frequens
562 3335 645 3415 apud
672 3351 743 3397 eum
774 3345 846 3411 est;
871 3332 926 3396 scd
954 3331 1088 3396 drama·

36 3498 39 3503 -
149 3457 231 3520 urar
255 3451 355 3534 hujus
393 3450 645 3528 rationario,
680 3466 761 3531 quae
793 3447 975 3532 huJusrnodi
1010 3463 1086 3528 cst,

143 3584 188 3635 ot
224 3583 295 3635 non
325 3567 471 3651 scriptam
503 3564 596 3631 nobis
634 3568 735 3651 legere
777 3565 946 3631 orationem
985 3566 1089 3632 vidct-

145 3707 245 3769 tnur,
284 3686 340 3753 sed
366 3685 470 3769 ipsum
498 3683 658 3750 audiamus
681 3697 844 3777 *oratorem
879 3667 1086 3766 loquentem,

153 3805 218 3871 imo
258 3807 492 3886 colloquentem
523 3801 755 3886 &interrogando
774 3837 780 3843 -
801 3801 1089 3884 respondendoqne

145 3940 225 3986 corn
253 3921 474 4001 audientibus,
496 3919 575 3985 hanc
603 3920 630 3984 si
664 3919 844 4002 quaerimus
873 3919 957 3984 unde
988 3919 1090 3983 duxe-

151 4038 221 4123 sit,
244 4033 395 4119 fontem,
423 4038 511 4104 unde
544 4037 672 4120 hausit,
714 4044 785 4101 non
824 4035 916 4101 alium
938 4034 1081 4117 reperio,
1122 4074 1125 4083 -

996 4169 1088 4232 quarn
