2992 5220
807 488 996 551 -.·70-.

436 648 688 729 boemerum,
710 668 804 731 quem
827 649 899 716 inde
918 649 1111 734 respublica
1129 649 1243 733 capiat.
1284 650 1371 718 Lau·

440 765 539 831 danda
559 779 612 832 eat
627 765 768 832 celeritas
793 766 866 848 illa,
889 781 1044 850 quatenus
1066 767 1106 834 ad
1133 766 1276 852 legendi,
1296 767 1375 833 acti·

439 883 557 964 bend,
577 883 770 967 supputandi
791 881 967 951 facudtutem
998 882 1155 950 refectura
1183 883 1300 966 quodsi
1316 886 1373 951 ‘cx-

436 1000 570 1069 colendt
585 1001 797 1068 adolescentia
822 1001 963 1068 videatur
990 1020 1055 1067 non
1079 1000 1130 1067 his
1155 1000 1275 1067 artibus
1292 1018 1375 1084 pua-

441 1116 578 1200 riiibus,
602 1137 689 1200 nuuc
714 1119 851 1184 animum
876 1136 943 1185 non
974 1131 1128 1199 movent,
1149 1117 1205 1184 vix
1228 1118 1306 1186 adeo
1335 1117 1375 1185 ad

438 1233 592 1318 judicium
620 1234 825 1318 pertingun13
858 1234 938 1314 aed,
960 1250 997 1310 ut
1025 1249 1216 1301 censuerunt
1242 1236 1377 1320 majores

443 1352 569 1432 rostri,
608 1351 740 1438 ingeniis
779 1350 952 1433 animisque
983 1348 1183 1431 erudiendis,
1215 1366 1280 1416 non
1310 1365 1380 1416 ran·

420 1482 510 1537 tum
541 1488 607 1538 nou
637 1469 813 1550 laudanda,
854 1469 910 1534 aed
934 1485 1032 1551 -quam
1067 1465 1201 1533 maxime
1239 1467 1380 1534 mvenda

442 1600 505 1655 est.
548 1586 652 1672 Quam
682 1586 827 1652 Socrates
852 1583 1010 1669 cogitabat
1037 1582 1177 1649 discendi
1212 1581 1378 1667 prolicien-

441 1701 540 1784 dique
566 1702 778 1782 celeritatem,
796 1720 861 1767 non
881 1701 969 1768 brevi
992 1699 1145 1784 temporis
1166 1699 1271 1787 spatio
1300 1699 1380 1768 dcli·

424 1816 570 1900 aiebat:
593 1837 664 1886 uam
682 1817 808 1884 beatum
825 1819 980 1904 praedicat
1001 1817 1115 1899 illum,
1136 1817 1193 1902 qui
1212 1819 1265 1885 vel
1283 1836 1379 1886 aenea

441 1930 477 2000 in
495 1931 613 2000 virtute
638 1935 811 2000 nonnullos
834 1932 963 2002 fecisset
986 1952 1198 2019 progressus3
1228 1934 1285 2001 sed
1314 1932 1381 2001 eai-

443 2049 535 2137 gebat
557 2050 639 2118 illam
668 2052 707 2118 ad
735 2050 950 2118 difficultatum
979 2051 1101 2134 copiam
1134 2064 1166 2116 et
1193 2049 1380 2134 magnitudi-

444 2186 542 2250 nem,
573 2188 654 2250 quae
681 2169 813 2234 discenti
842 2181 947 2234 essent
972 2166 1175 2249 superandae.
1228 2166 1265 2231 ld
1295 2163 1380 2230 scili·

397 2307 403 2319 ·
444 2299 496 2354 cet
524 2285 708 2371 spectabat,
730 2303 795 2352 non
824 2301 859 2353 ut
892 2286 924 2352 in
948 2283 1075 2351 homine
1096 2281 1264 2368 singularis
1285 2301 1380 2366 quae·

444 2403 515 2471 dam
544 2404 656 2470 mentis
671 2401 820 2470 loculus
854 2416 1040 2482 acueretur,
1071 2399 1260 2482 memoriae,
1292 2399 1380 2467 inve·

443 2519 550 2591 alendi
578 2521 728 2602 solertia,
762 2519 964 2586 ratiocinandi
987 2517 1166 2599 subtilitas,
1195 2515 1382 2586 enuncimdi

444 2638 756 2718 communicandique
780 2629 931 2716 facilitas,
962 2634 1102 2701 similes:
1134 2633 1220 2700 idai
1246 2648 1384 2717 spectas»

446 2765 522 2833 oet,
564 2751 646 2817 intra
674 2750 839 2830 sinuum,
882 2763 919 2814 ut
952 2749 994 2816 m
1021 2750 1147 2827 samm,
1185 2728 1382 2815 summum

446 2864 575 2937 fecisset
609 2865 801 2947 discipulos:
825 2883 894 2929 nani
920 2862 948 2929 si
978 2863 1076 2945 quis,
1107 2862 1236 2930 caeteris
1274 2863 1381 2933 missia

448 2982 692 3068 consopitisque
722 2981 835 3046 mmtis
859 2958 1084 3062 facultatibus,
1125 2997 1219 3046 unam
1248 2981 1380 3062 excitat,

447 3117 540 3166 unam
568 3097 651 3163 acuit
679 3110 712 3162 et
741 3095 794 3160 uni
826 3095 873 3161 illi
902 3097 1081 3176 acuendae,
1103 3095 1292 3176 firmandae,
1312 3115 1386 3164 eor·

447 3213 642 3281 laborandae
666 3230 791 3278 omnem
815 3211 950 3279 adhibet
977 3212 1091 3280 mentis
1126 3213 1286 3297 animique
1316 3214 1381 3283 rim

445 3345 479 3400 at
501 3331 663 3416 vigorem,
686 3329 817 3395 naeville
834 3343 870 3396 et
895 3328 967 3413 ipse
982 3329 1188 3396 admirabitur
1204 3333 1384 3416 arupmdos

444 3448 674 3534 discipulorum
698 3461 823 3530 tamque
838 3446 964 3514 subitos
986 3465 1196 3533 progressus,
1217 3449 1385 3536 et'auipaa

447 3565 629 3635 miraculum
660 3565 897 3649 suspicabitur,
940 3566 1118 3634 acclamabit
1146 3583 1246 3635 certe:
1276 3574 1385 3654 iatine

447 3677 579 3751 iiiciarl
614 3677 758 3746 Sedalia
779 3680 882 3746 onmia
909 3681 1078 3764 spectabat
1092 3682 1255 3751 Socrates:
1280 3697 1383 3753 conlui

448 3795 591 3861 excolere
629 3795 784 3863 hominem
814 3798 981 3880 suadebat„
1025 3814 1061 3866 ut
1094 3817 1159 3868 non
1183 3816 1251 3867 arte
1275 3798 1384 3883 etlinun

448 3922 503 3979 aut
529 3909 669 3987 doctrina
697 3915 881 3993 excelleret,
922 3929 1082 3984 aeterum
1123 3928 1212 3984 esset
1232 3915 1325 3983 rudia
1344 3928 1385 3983 ct

445 4026 597 4116 agrestio,
619 4027 675 4096 scd
698 4043 734 4094 ut
758 4048 873 4098 seuam
902 4048 1012 4102 omncs
1038 4049 1082 4133 et
1096 4030 1283 4119 facultates,
1297 4048 1387 4118 quae

1306 4161 1382 4231 μη-
