2992 5220
644 442 840 521 5²9⁴ss
967 471 971 482 ·

276 603 636 700 nartaatqnamqu'an,
664 606 763 700 qu'od'
785 607 976 707 eioqne'atiao
1003 609 1092 708 a'p'nd'
1109 613 1215 689 Plato*-

275 724 546 823 'nenpropriom
575 752 647 816 est,
669 752 706 805 ut
727 742 797 803 aeri
817 714 910 809 onice
921 743 1061 828 justique
1077 756 1213 807 amorem

278 847 406 931 aphet,
429 835 482 912 ¹nti¹
493 863 533 915 ex
549 836 621 929 ipso
650 846 712 911 hoc
737 844 902 912 Ciceronis
925 844 1132 931 ioco'patet‚
1154 846 1213 913 mi·

280 954 370 1045 noa,
390 972 490 1045 'qnam
520 957 854 1047 Plirofpraeceperat,
887 961 919 1027 in
949 961 1124 1047 praeceptis
1152 960 1231 1044 ipsi.

279 1081 350 1146 ania
373 1092 534 1149 curarum
569 1094 573 1099 ·
614 1122 617 1127 -

279 1322 295 1339 ''
317 1320 329 1359 ·'
456 1314 521 1381 Da
555 1305 706 1403 topica
738 1310 1024 1380 Aristotalls:

282 1442 313 1491 ι’.
378 1454 396 1498 e
423 1420 854 1498 Platonas-ducenda
882 1428 1129 1494 dialectica

613 1528 620 1542 ⁸
656 1541 848 1609 videtur.

282 1670 297 1709 ζ’
336 1673 348 1695 '*
372 1695 380 1707 ,

154 1787 156 1790 ’
279 1785 302 1811 “”
320 1768 393 1846 Nee
420 1762 502 1844 aero
525 1773 818 1860 praetermittendus
839 1777 933 1842 nobis
961 1777 994 1842 in
1016 1777 1103 1842 hisce
1122 1779 1214 1844 locua

278 1897 323 1963 de'
343 1897 518 1961 intentione
544 1907 618 1974 eat,
664 1910 729 1977 quo
764 1893 951 1967 Aristotelis
989 1912 1024 1960 ac
1050 1895 1215 1963 Ciceronis

280 2014 386 2099 iopica
419 2010 641 2079 refemnnna'
682 2009 758 2091 hic,
781 2011 808 2075 ai
837 2011 1012 2092 quisalius
1040 2012 1071 2078 in
1101 2013 1215 2079 utrius·

280 2114 565 2216 tiiaeRheto'rim
597 2145 617 2194 e
651 2118 791 2194 P'latonis
819 2127 979 2194 dialectica
1009 2145 1042 2194 et
1074 2143 1217 2212 repeten-

277 2235 338 2316 ti'n'a
357 2263 390 2315 et
419 2246 623 2334 explicandus
643 2237 782 2311 vi'detnr.
826 2245 908 2311 Nam
934 2248 1020 2326 quod
1040 2246 1217 2312 Platonicae

279 2353 417 2432 methodi
444 2362 610 2448 proprium
642 2360 765 2442 fuerat,
788 2372 825 2426 ut
849 2363 887 2427 ad
915 2361 1130 2426 inveniendum
1161 2379 1215 2425 va·

277 2483 355 2549 ieret
382 2482 538 2561 maxime,
570 2498 636 2563 qno
661 2479 733 2561 qttia
761 2483 978 2565 εὑρετικῶτερος
1007 2480 1075 2564 ejus
1106 2478 1214 2544 studio

278 2587 387 2676 fieret,
409 2598 441 2665 id
461 2597 576 2683 negligi
598 2613 737 2679 posteat
757 2596 927 2663 dialecticis
946 2596 1075 2680 coepit,
1097 2598 1218 2680 quippe

278 2713 335 2794 qni
375 2713 571 2794 disciplinam
601 2715 680 2778 hanc
709 2715 748 2779 ad
777 2717 973 2799 probandum
1008 2715 1148 2796 inprimis
1182 2729 1216 2780 et

275 2829 550 2895 demonstrandum
572 2827 765 2893 adhiberent.
812 2829 1024 2892 Veruntamen
1055 2846 1119 2892 non
1144 2829 1213 2910 ipsa
1252 2811 1255 2816 ⁵

192 3035 194 3041 Ι
272 2946 316 3015 it'a
344 2946 439 3013 simol
469 2947 609 3031 neglecta
639 2964 657 3010 a
684 2943 815 3016 Graecia
848 2960 897 3007 ara
928 2942 1109 3010 inveniendi
1135 2943 1212 3012 fuit.

276 3064 513 3142 Edialectica,
535 3080 616 3144 quae
646 3081 713 3128 eam
742 3061 824 3126 hand
845 3059 968 3126 diutius
988 3060 1150 3146 capiebat,
1180 3065 1214 3132 in
1317 3068 1328 3083 '

275 3195 440 3264 cognatam
461 3177 680 3258 disciplinam,
704 3175 737 3240 in
763 3177 947 3244 rhetoricam
972 3178 1135 3262 migravit,
1157 3160 1221 3252 ubi

273 3297 313 3364 ad
342 3289 509 3360 Ciceronis
536 3304 622 3358 certe
642 3307 784 3378 tempora
813 3296 917 3362 sedem
951 3298 1065 3362 tenuit.
1117 3300 1218 3364 com·

275 3410 478 3480 irritationem
510 3408 552 3474 ita
587 3429 786 3495 permagnam
829 3431 904 3479 sane
928 3394 998 3480 ¹ars
1030 3415 1215 3496 pulcerrima

276 3527 387 3597 subiit.
431 3526 478 3594 Ut
508 3527 591 3592 enim
622 3547 640 3593 a
660 3529 792 3594 Platone
822 3531 861 3594 ad
882 3548 931 3595 res
950 3531 1214 3615 cognoscendam

274 3644 314 3711 de
347 3642 463 3724 quibos
494 3658 661 3728 ageretur,
693 3644 831 3712 adhibita
859 3645 983 3728 suerat,
1018 3648 1060 3715 ita
1075 3668 1217 3720 nunca

272 3759 509 3844 Peripateticis,
528 3761 729 3844 primumque
751 3762 789 3827 ab
811 3762 882 3846 ipto
905 3763 1081 3833 Aristotele
1100 3785 1140 3834 eo
1159 3770 1218 3839 de·

273 3879 385 3944 stinata
401 3889 475 3958 est,
511 3878 605 3943 atad
630 3878 827 3963 probandum
849 3880 1213 3967 demonstrandumque,

271 3995 468 4082 omninoque
494 3995 534 4062 ad
563 3996 824 4079 persuadendum·
836 4013 1034 4085 argumenta
1062 4016 1107 4068 et*
1122 4023 1214 4086 argu·
1229 3983 1257 4017 '⁶

189 4128 193 4136 '
1128 4136 1218 4186 meo·
