2992 5220
649 462 841 523 -168-

268 646 363 721 ,hane
389 643 560 728 principem
593 639 823 723 philosophus
839 637 1024 702 tractandam
1063 633 1213 781 cenauit,

274 763 441 829 attendere
472 771 611 842 oportet.

273 927 279 935 .
325 879 403 945 Non
432 889 482 941 est
510 874 593 958 apud
619 874 778 940 Platonem
806 869 965 936 dialectica
985 886 1033 933 ars
1050 866 1211 940 invenien-

275 994 318 1065 .di
350 992 523 1073 quaedam,
555 1007 635 1071 quae
670 1007 708 1055 eo
739 988 888 1053 duntaxat
916 988 1037 1067 valeat,
1067 998 1104 1049 ut
1132 1002 1218 1067 sapa·

277 1109 405 1188 ciores,
426 1107 610 1187 acutiores,
643 1108 853 1190 ripettxdrrpot
883 1101 1006 1169 fiamus.
1051 1101 1220 1183 Complec·

288 1226 387 1307 titur,
410 1225 516 1308 prouti
532 1222 756 1305 exposuimus,
780 1220 968 1286 Socraticam
986 1216 1219 1283 inductionemt

276 1362 352 1426 ,quo
385 1341 489 1408 efficax
520 1340 552 1407 in
581 1339 690 1438 primis
719 1337 800 1403 facta
827 1340 895 1419 ejus
920 1334 998 1407 ratio
1029 1348 1077 1398 ert
1102 1331 1146 1397 ad
1169 1344 1219 1396 to·

277 1472 354 1536 ,tum
388 1457 545 1522 hominem
572 1467 676 1518 mente
703 1450 872 1526 animoque
901 1446 1118 1512 excolendum.
1171 1446 1219 1514 Ut

276 1573 414 1668 ‚ingenio
446 1586 477 1636 er
508 1563 704 1636 institutione
732 1561 911 1629 Socraticus
943 1560 1006 1627 fuit
1028 1563 1141 1642 Plato,
1175 1561 1220 1626 ita

281 1701 402 1771 sponte
426 1686 494 1768 ipse
527 1688 585 1750 sui
617 1684 666 1753 in
682 1680 850 1747 factitauda
878 1680 1038 1747 dialectita
1066 1681 1220 1763 spectavit

279 1802 386 1885 idem,
416 1799 542 1884 quod
534 1817 567 1870 m
596 1797 851 1880 philosophando
878 1796 1124 1878 disserendoque
1153 1799 1221 1882 ejm
1316 1832 1318 1839 ν

283 1918 433 2002 magister
461 1929 674 2000 spectaverat,
707 1930 743 1979 ut
771 1915 810 1980 ad
840 1913 988 1979 virtutem
1019 1929 1051 1979 et
1074 1913 1223 1980 honesta·

280 2049 351 2107 ,tem
379 2034 523 2129 homines
545 2032 722 2099 adduceret,
788 2031 876 2116 Quin
909 2030 1022 2111 etiam,
1057 2032 1144 2113 qttod
1178 2031 1224 2098 in·

171 2196 178 2202 -
286 2153 456 2218 choavetat
482 2150 649 2228 Socrates,
672 2147 853 2232 diligentius
878 2147 928 2213 hic
957 2147 1048 2213 etiam
1076 2146 1226 2231 persequi

286 2265 423 2356 studuit.
489 2263 596 2330 Simile
636 2264 714 2346 quid
747 2262 1020 2330 animadvertimus
1056 2265 1151 2330 modo
1191 2264 1225 2328 in

284 2379 471 2457 Aristotelis
500 2381 669 2448 dialectica.
734 2382 781 2457 Ut
806 2382 893 2449 Plato
930 2381 1138 2463 Socraticam,
1181 2380 1225 2446 ita
1276 2473 1277 2477 Ἰ

285 2498 341 2577 ¹hic
366 2472 553 2566 Platonicam
576 2498 759 2566 methodum
791 2499 966 2565 studiosius
994 2498 1108 2579 etiam,
1131 2517 1226 2580 quam

289 2616 458 2700 magistet,
490 2616 605 2694 adres
633 2635 741 2700 omnes
768 2617 924 2683 cernendo
952 2616 1148 2699 explicandas
1175 2615 1230 2680 ad·

286 2730 405 2820 hibuit.
448 2731 484 2794 Id
508 2733 629 2803 scilicet
658 2735 709 2801 in·
725 2733 777 2799 illa
805 2735 1070 2816 philosophorum
1103 2751 1230 2798 succes·

288 2843 383 2929 sione
415 2843 575 2924 obtinuit,
599 2859 634 2912 ut
662 2846 837 2924 discipulus
859 2847 925 2910 fere
944 2846 1083 2927 magistri
1106 2846 1229 2912 metho-

290 2961 365 3028 dum
393 2980 458 3027 non
484 2973 606 3028 tantum
639 2959 894 3045 philosophando
921 2960 1153 3044 scribendoque
1176 2981 1231 3030 ex·

288 3080 462 3164 primeret,
499 3079 554 3144 sed
584 3078 708 3161 plenius
729 3077 821 3143 etiam
854 3076 1023 3159 proposito
1055 3078 1113 3145 fini
1142 3081 1230 3147 adhi-

288 3195 392 3278 beret.
438 3194 535 3278 Quod
561 3194 642 3258 idem
669 3207 701 3257 et
728 3208 839 3275 postea
872 3195 1031 3277 obtinuit,
1063 3214 1100 3263 ut
1132 3199 1231 3265 verbo

287 3311 349 3400 jam
381 3307 414 3371 in
444 3305 661 3386 superioribus
701 3307 896 3392 attigimus„
935 3311 1164 3396 syllogisticam
1198 3329 1232 3380 et

290 3441 368 3491 vero
406 3421 651 3489 mathematicam
694 3425 925 3493 demonstrandi
965 3428 1145 3507 rationem,
1188 3429 1229 3495 ab

291 3541 468 3627 ¹Aristotele
493 3539 673 3625 proditam,
704 3543 804 3608 multo
831 3544 1021 3609 elaboratius
1048 3542 1232 3610 recentioris

293 3657 401 3730 aetatis
421 3651 611 3742 philosophi
633 3658 671 3723 ad
696 3658 854 3725 doctrInas
878 3658 1040 3724 tradendas
1063 3659 1227 3744 singulas,-

293 3794 388 3866 quam
414 3776 482 3860 ipse
502 3777 715 3858 Aristoteles,
738 3789 941 3858 usurparunt.
986 3773 1057 3843 Nec
1078 3795 1153 3844 sane
1178 3776 1238 3845 ab·

289 3889 403 3975 ‘burra
432 3891 471 3962 ab
493 3891 699 3983 ⁸ingeniorum
726 3907 893 3976 rerumque
924 3891 1127 3964 humanarum
1156 3912 1238 3964 corr·

1187 4011 1237 4080 di·
