2992 5220
658 458 831 534 ..⁶5-

283 644 416 712 iurum‚
437 650 532 716 quam
554 628 747 714 redarguens
772 610 954 715 quinum,
976 633 1032 716 qui
1052 627 1218 714 redargui

281 762 362 828 eur,
378 763 543 835 postquam
570 745 745 812 erubescere
765 745 873 827 fecit,
906 745 1037 810 sublatis
1069 747 1218 831 opimium·

278 862 335 929 bus
355 865 468 943 nanis,
488 861 725 949 disciplinarum
748 859 994 947 impedimentis,
1012 858 1131 948 purum
1143 857 1214 944 effe·

278 981 380 1058 cerii,
417 980 492 1044 hacc
520 999 550 1044 sc
574 981 652 1044 scire
682 993 844 1065 putantem
875 979 964 1056 mla,
997 999 1077 1062 quae
1104 980 1211 1057 novit,

272 1095 376 1182 plura
405 1115 476 1162 nero
505 1115 535 1161 m
565 1115 624 1160 non
652 1100 742 1159 scire.
768 1093 799 1137 (¹)
821 1094 970 1160 Medetur
991 1093 1089 1177 igitur
1108 1092 1211 1159 tnimo
1258 1079 1261 1087 ’

275 1216 461 1295 ueremini,
493 1223 528 1275 ut
548 1214 645 1275 'totus
677 1212 865 1292 penitusque
898 1227 1101 1294 perstructus,
1132 1225 1208 1291 pos·

277 1324 322 1391 sit
348 1325 493 1408 deinceps
518 1325 725 1390 doctrinarum
746 1326 908 1409 suscipere
935 1325 1102 1404 elimenta,
1133 1343 1210 1408 pos·

276 1441 383 1522 sitque
399 1441 479 1507 idern
491 1487 502 1520 ,
513 1440 594 1507 bene
611 1440 660 1506 his
678 1442 816 1508 nutritus
834 1456 866 1508 et
884 1441 1209 1525 corroboratus,grs·

276 1557 424 1624 vissimos
446 1558 604 1642 suscipere
621 1578 656 1623 nc
679 1559 846 1641 perdurare
862 1559 901 1623 ad
919 1557 1139 1623 inveniendum
1156 1572 1211 1622 ve·

279 1694 349 1741 rum
378 1675 476 1756 inque
502 1695 592 1740 usum
618 1675 700 1741 vitae
722 1674 944 1741 conserendum
971 1673 1106 1740 labores.
1148 1673 1213 1741 Vs·

282 1810 353 1856 rum
383 1792 457 1858 haec
492 1803 666 1874 parentque
696 1812 767 1856 cnm
805 1792 931 1856 salutari
958 1807 1024 1856 arte
1050 1803 1210 1873 compare·

281 1905 350 1987 tio,
372 1922 408 1972 ut
434 1906 584 1989 frequens
612 1921 661 1970 est
679 1909 763 1988 apud
783 1909 966 1985 Platonem,
989 1907 1107 1990 quippe
1123 1923 1212 1988 ptor-

221 2059 226 2068 ·
280 2041 337 2089 sus
367 2038 494 2089 naturae
514 2042 672 2108 congrua,
688 2023 745 2114 ‚itu
774 2022 1010 2107 diligentissime
1029 2035 1077 2087 est
1105 2022 1144 2086 ub
1171 2041 1209 2087 eo

280 2140 316 2207 in
334 2139 477 2227 Sophiste
505 2139 671 2207 instituta:
696 2160 787 2224 qnam
808 2140 1048 2223 disputationem
1067 2157 1125 2219 eu,
1146 2159 1211 2221 qno

283 2258 449 2342 procedit,
487 2258 596 2323 ordine
633 2276 851 2341 apponemus,
875 2276 940 2338 quo
961 2257 1057 2340 magis
1088 2275 1127 2321 en
1155 2257 1211 2320 iilo

279 2372 467 2439 dialecticam
483 2372 689 2451 marosticam,
713 2389 804 2452 quam
823 2373 968 2452 deinceps
989 2370 1210 2449 tractabimus,

282 2486 335 2552 hic
352 2489 414 2570 jum
436 2487 666 2568 quodammodo
687 2487 901 2570 degustemus.

325 2607 473 2688 Kiiapmc
511 2602 604 2668 animi
635 2601 767 2688 ἔλεγχος
807 2617 854 2669 est
891 2577 1005 2683 siv'e‘i
1032 2606 1210 2687 permeruit

284 2719 501 2804 quodanimo
542 2738 612 2785 cum
654 2737 789 2803 corpore
826 2721 940 2786 colluto
972 2733 1087 2802 sponte
1119 2737 1214 2802 apps-

281 2853 341 2905 tet.
386 2838 467 2904 Nam
497 2839 613 2923 duplex
639 2853 687 2904 est
710 2856 853 2921 perversa
879 2838 1022 2921 eorporis
1048 2835 1209 2902 conditio:
1261 2922 1264 2928 1

282 2975 354 3021 cnm
392 2960 497 3036 victe,
542 2975 638 3039 quum
677 2956 762 3022 intus
804 2968 989 3038 corruptum
1033 2966 1101 3034 est,
1144 2960 1212 3018 tum

279 3071 414 3158 αἶσχος,
458 3093 553 3154 quum
591 3088 720 3140 externo
758 3073 865 3138 habitu
906 3076 984 3139 male
1029 3084 1064 3138 se
1105 3070 1209 3138 habet.

280 3188 420 3270 Utrique
453 3190 531 3256 vitio
561 3191 746 3274 corrigendo
782 3207 831 3255 trs
872 3191 1101 3255 accommodata
1139 3203 1212 3268 est,

280 3303 326 3368 ilii
354 3310 490 3389 impii,
513 3285 586 3369 huic
608 3311 792 3388 γυμναςικὴ.
814 3336 862 3355 -·
888 3307 1015 3385 anicx
1047 3304 1118 3367 item
1147 3303 1213 3366 ani·

284 3419 327 3484 mi
353 3422 468 3485 malum
498 3435 562 3484 est:
600 3437 647 3482 est
673 3420 722 3482 nel
751 3424 875 3496 ἀδικίαι,
896 3420 947 3482 vel
978 3421 1106 3500 ipsiic·
1151 3415 1212 3480 His

284 3535 315 3604 si
363 3534 539 3619 quaerimus
582 3550 731 3616 quaenam
771 3533 950 3598 medeantur
990 3531 1215 3614 potissimum,

282 3653 455 3739 injustitiae
485 3650 659 3755 adhibenda
686 3655 828 3730 estiensi
850 3651 917 3714 sive
936 3653 1001 3727 mxii
1025 3662 1092 3727 est,
1123 3644 1217 3713 insci·

283 3771 344 3838 riae
369 3775 576 3849 imitemini·
643 3768 762 3834 Verum
802 3771 996 3844 διδασκαλικὴ
1025 3766 1075 3831 vei
1099 3765 1137 3831 ed
1164 3772 1215 3843 tn·

1116 3907 1216 3968 pronp-

321 4017 363 4092 (ι)
383 4019 470 4088 soph.
490 4023 539 4076 230
557 4024 588 4078 C·
608 4024 647 4077 1).
