2992 5220
633 436 681 478 '—
708 425 832 506 184-—

275 577 370 669 ·f·s„·
397 579 478 667 artes
501 578 572 666 iuis
599 600 757 668 rhetorum
797 617 829 668 et
853 599 1064 685 sophistnrtii'n
1099 585 1201 668 troni

272 732 309 785 ce
329 700 645 802 exagitat'Socrates:
666 698 726 784 nec
745 719 960 798 tamenidem,
980 733 1019 783 ut
1048 734 1122 783 sunt
1140 720 1205 783 hos

273 813 326 899 die
349 831 404 916 qui
435 833 640 915 existiment,
672 836 830 900 unacum
856 836 975 901 artibus
1010 834 1078 900 istis
1098 816 1204 918 ipsam*

275 948 470 1034 rejiciendam
497 950 684 1017 rhetoricam
714 931 916 1018 eristimavit.
960 950 1065 1016 Multa
1093 936 1205 1017 eotutn

275 1064 310 1132 in
339 1067 478 1132 oratione
504 1086 574 1131 curn
603 1069 787 1135 attendenda
810 1069 898 1135 duxit
928 1082 994 1134 turn
1029 1068 1067 1132 ad
1098 1067 1207 1132 dicend

274 1181 349 1248 dum
377 1182 548 1250 adhibenda
558 1206 576 1266 ;.
604 1203 713 1251 venun
750 1186 799 1251 his
830 1184 983 1250 contineri
1008 1185 1106 1267 ipsam
1135 1184 1207 1248 rhe-

275 1298 403 1366 toricam
428 1302 573 1385 negavit:
621 1303 708 1384 quod
744 1321 830 1368 more
865 1303 1015 1383 deinceps
1044 1319 1128 1379 suo,
1169 1299 1209 1364 id-

275 1429 349 1496 est,
368 1414 469 1484 facete
491 1432 524 1482 et
554 1417 672 1481 ironice
691 1414 901 1494 persequitur.
947 1414 1138 1493 Mittimus,
1161 1415 1207 1478 ait

277 1531 422 1599 Socrates
450 1533 584 1615 exigua3
617 1530 691 1595 haec
718 1547 795 1594 vero
818 1528 928 1613 potius
953 1529 985 1593 in
1007 1531 1107 1594 iucem
1131 1547 1206 1611 pro··

274 1646 451 1728 ducamus,
482 1660 518 1710 ut
547 1664 640 1728 quam
665 1661 697 1712 et
715 1647 840 1727 quando
859 1646 933 1712 artis
958 1646 1021 1712 vim
1047 1646 1206 1726 habeant,

274 1759 446 1826 videamus.
478 1799 523 1814 -
553 1761 599 1828 Et
621 1764 780 1830 marimum
811 1763 957 1846 quidem,
992 1783 1012 1828 o
1036 1765 1207 1843 Socrates,

276 1876 308 1939 in
331 1875 493 1945 hominum
513 1879 658 1946 coetibus
680 1881 743 1946 viru
761 1882 997 1964 potentiamque
1020 1882 1208 1946 habent.-

276 1991 404 2060 Habent
431 2014 524 2078 sane,
558 1999 614 2062 sed
645 2013 681 2062 tu
713 1996 797 2064 item'
812 2001 930 2080 sodes,
952 1999 1025 2064 vide
1046 2016 1121 2064 nuru
1149 1997 1208 2062 tibi

279 2109 392 2175 borum
415 2125 560 2194 textura,
582 2116 839 2197 quemadmodum
860 2115 958 2199 mihi,
980 2136 1045 2182 rara
1072 2116 1208 2181 dissuta·

281 2246 344 2308 que
372 2226 527 2294 videatur.
549 2267 595 2282 -
626 2232 767 2299 Ostende
784 2234 889 2303 modo.
929 2269 976 2284 -
1015 2233 1097 2311 Dic,
1127 2249 1206 2313 age:

283 2346 309 2412 si
327 2345 398 2429 quis
413 2315 544 2413 amicum
561 2366 650 2415 tuum
676 2350 919 2433 Eryximachum
935 2352 985 2415 vel
1002 2350 1068 2432 ejus
1088 2361 1207 2430 patrem

282 2463 479 2529 'Acumenum
509 2465 635 2531 adiens:
660 2467 761 2532 dicat:
792 2466 861 2552 Ego
890 2463 1094 2552 hujuscemodi
1115 2489 1210 2553 quac·

282 2579 356 2645 darn
383 2585 443 2648 trio
470 2586 593 2669 corpori
623 2582 808 2664 admottcrc,
840 2584 950 2670 quibas
984 2585 1118 2651 calescat
1149 2602 1211 2672 pro

283 2697 420 2761 arbitrio
449 2721 512 2763 meo
540 2702 592 2766 rel
610 2701 763 2786 frigeat,
793 2717 897 2768 ramat
935 2705 1055 2778 ctiam,
1084 2704 1112 2765 si
1137 2702 1212 2784 pla·

282 2827 350 2896 cet,
380 2814 432 2880 acl
456 2811 594 2879 deorsam
624 2813 735 2896 aba'gat
761 2827 855 2895 atquc
889 2815 957 2874 alia
987 2813 1104 2874 similia
1129 2811 1211 2875 mal-

284 2942 345 2995 ta:
372 2928 451 2993 iaco
475 2942 578 2993 autera
613 2942 717 2993 tenens
744 2939 774 3008 ct
799 2922 948 2987 medicum
980 2942 1028 2987 mc
1054 2944 1114 2989 crta
1140 2946 1212 2991 coa-

283 3043 374 3112 tcado
404 3061 434 3112 ct
460 3047 558 3111 aliam
588 3047 700 3132 efficere
726 3039 898 3119 medicam,
928 3042 981 3103 cai
1006 3039 1128 3125 quidem
1155 3041 1212 3106 ha·

285 3182 358 3228 rum
391 3182 497 3226 reram
529 3163 688 3224 scientiam
718 3154 905 3223 tradidero:
946 3155 1020 3238 quid
1049 3155 1122 3221 illos
1163 3176 1213 3225 re·

288 3292 462 3357 sponsurus
483 3270 889 3356 existimnsi-Quidnam
907 3270 1012 3351 aliud,
1035 3289 1126 3351 quarn
1143 3289 1214 3353 per-

288 3404 514 3475 cunctaturos,
542 3389 697 3474 numquid
729 3389 807 3455 sciat
837 3372 988 3470 insuper,
1021 3385 1136 3468 quibus
1175 3402 1212 3452 ca

839 3488 842 3491 ’
1149 3499 1216 3595 sin·

292 3675 370 3729 c.-
385 3674 446 3748 567.
462 3673 497 3726 E.
514 3673 558 3726 Do
572 3672 738 3726 Rhetonirur
759 3672 801 3725 hic
813 3678 842 3724 ot
854 3670 991 3743 Sophictir
1003 3686 1150 3740 corumque
1167 3674 1217 3723 ir-

206 3832 210 3846 ,
288 3774 363 3827 tibus
388 3772 425 3826 V.
448 3775 540 3845 Iutpp.
558 3773 591 3845 nd
619 3771 699 3839 h.1.;
716 3771 746 3824 in
769 3771 864 3843 primis
886 3785 951 3822 vero
974 3769 1054 3823 doctu
1081 3770 1171 3823 cestii
1184 3768 1219 3822 dc

290 3871 430 3956 sophistis
444 3870 599 3942 disquisitio
624 3872 654 3924 iu
675 3873 755 3926 nocis
775 3873 849 3924 actia
873 3871 1021 3924 coartatis
1041 3870 1217 3937 rrajoacim

291 3968 359 4029 vot.
373 3971 397 4028 1.
445 3982 447 3987 '
