2992 5220
657 452 850 497 -110—

281 611 412 694 insignis
456 625 500 677 et.
525 611 654 692 bonus,
693 613 804 677 animis
847 614 1004 680 adhibebit
1047 635 1202 685 sermones

282 745 491 810 quoscunque
527 728 609 808 dicit,
634 744 665 795 et
694 728 774 794 facta
807 750 863 796 sua
894 731 1017 797 omnia:
1062 733 1205 815 idemque

283 845 351 913 sive
373 845 521 909 concedat
549 846 626 926 quid
655 844 724 911 sire
749 862 865 931 neget,
898 847 970 913 illuc
1002 866 1125 932 semper
1157 849 1204 914 in·

280 974 397 1027 tentam
424 974 558 1026 mentem
591 959 737 1040 habebit,
770 975 805 1026 ut
836 961 951 1027 civium
985 962 1096 1029 animis
1114 965 1208 1048 justi·

280 1077 324 1145 tie
349 1069 445 1156 insst,
467 1075 547 1141 absit
579 1075 754 1160 injustitia,
777 1080 993 1161 temperantia.
1010 1080 1101 1161 insit,
1124 1081 1207 1147 absit

279 1193 534 1279 intemperantia,
566 1208 764 1274 caeteraeque
788 1194 921 1260 virtutes
953 1196 1049 1263 insint
1073 1216 1206 1281 omnes,

278 1311 479 1377 discesserint
499 1309 587 1375 vitia.
602 1308 634 1351 (¹)

322 1427 513 1514 Huiusmodi
542 1442 611 1509 est,
642 1446 736 1511 quem
758 1429 845 1493 Plato
879 1427 1068 1509 quaerebat,
1097 1444 1206 1496 orator

278 1566 396 1626 verus,
418 1543 472 1629 qui
505 1563 569 1608 non
594 1544 815 1628 gratificaretur
842 1543 959 1609 civium
983 1544 1202 1627 lubidinibus,

279 1663 334 1728 sed
361 1662 449 1742 ipsos
482 1658 614 1724 efficeret
642 1659 774 1724 dicendo
804 1661 970 1727 meliores:
994 1680 1059 1727 non
1080 1662 1201 1731 dicendi

279 1776 409 1859 quadam
444 1774 518 1840 dote
546 1793 581 1840 se
618 1775 870 1857 commendaret,
914 1779 971 1844 sed
1001 1792 1088 1845 totus
1118 1794 1204 1845 esset

277 1913 334 1977 per
371 1911 542 1979 germanam
576 1891 811 1975 philosophiam
841 1894 880 1958 ad
908 1894 1054 1961 virtutem
1094 1911 1124 1961 et
1155 1916 1204 1962 sa·

276 2011 425 2096 pientiam
454 2006 680 2076 conformatus.
736 2009 789 2073 Ad
828 2012 919 2094 cujus
958 2012 1092 2093 speciem
1129 2032 1201 2079 cnm

275 2128 456 2213 principes,
487 2145 568 2207 quos
589 2126 732 2191 Athenae
761 2127 915 2205 tulerant,
939 2142 1079 2194 oratores
1098 2130 1204 2213 exige-

275 2261 346 2323 ret,
376 2245 452 2309 tales
488 2261 553 2307 non
592 2239 775 2324 reperiebat.
819 2242 974 2322 Pericles,
996 2243 1062 2326 ait,
1096 2264 1200 2311 mores

276 2361 393 2427 ciuium
415 2377 480 2424 non
509 2372 629 2423 tantum
651 2375 716 2422 nou
744 2359 942 2438 emendavit,
963 2360 1019 2425 sed
1037 2362 1199 2444 corrupitt

276 2476 413 2557 caeteri,
436 2475 616 2554 Miltiades,
640 2475 894 2557 Themistocles,
917 2476 1054 2555 Cimon,
1087 2478 1202 2543 sinon

275 2608 482 2677 corruperunt
490 2594 508 2672 “,
543 2607 643 2657 tamen
691 2611 756 2657 non
790 2595 991 2660 emendarunt
1028 2595 1202 2660 Athenien·

276 2729 349 2778 ses:
380 2729 450 2774 uun
480 2709 506 2773 si
533 2708 618 2773 cives
647 2727 723 2772 suos
754 2727 890 2790 reapse,
922 2711 1010 2792 quod
1042 2710 1116 2793 boni
1141 2730 1200 2791 po·

275 2826 351 2893 lirici
376 2842 407 2891 et
443 2824 577 2891 oratoris
601 2821 737 2890 officium
770 2841 818 2888 est
851 2840 882 2890 et
910 2844 1055 2906 munus,
1094 2827 1201 2891 melio-

275 2964 324 3011 res
349 2942 498 3011 fecissent
527 2940 683 3031 dicendo,
707 2942 787 3006 haud
810 2959 883 3006 senc
903 2941 941 3005 ab
955 2942 993 3007 iis
1015 2943 1064 3007 vel
1087 2943 1200 3026 poenis

272 3059 375 3125 arrecti
405 3058 455 3120 vel
496 3073 514 3118 e
555 3053 683 3118 civitate
722 3056 812 3137 ejecti
843 3054 998 3122 fuissent:
1025 3056 1058 3098 <¹³
1090 3079 1200 3140 quam·

274 3171 381 3235 obrem
412 3166 549 3234 ministri
572 3165 714 3248 civium,
757 3168 892 3235 civitatis
923 3175 1045 3242 lreudmr
1069 3173 1198 3240 fuerunt

274 3287 374 3357 seduli
405 3300 437 3352 ct
469 3284 656 3369 diligentes,
686 3285 740 3351 sed
769 3292 940 3367 πολιτικοὶ,
984 3290 1091 3370 quales
1130 3308 1202 3359 esse

273 3418 399 3490 oportet
431 3401 486 3484 qui
515 3402 670 3467 civitatem
704 3402 835 3468 dicendo
869 3405 1055 3489 agendoque
1086 3405 1199 3474 bonam

271 3524 449 3608 justamque
474 3518 627 3600 efficiant,
649 3536 713 3585 non
741 3517 880 3586 fuerunt.

314 3636 401 3720 Quid
428 3635 465 3698 ad
485 3634 656 3717 perfectum
677 3634 905 3703 informandum
929 3637 1092 3705 Oratorem
1120 3655 1197 3701 con·

272 3748 354 3819 ferre
389 3750 544 3833 debcant,
578 3766 706 3817 auctore
736 3754 886 3831 Platone,
919 3753 1100 3835 disciplinae
1129 3770 1200 3834 gra·

307 4011 349 4085 p)
371 4007 456 4079 corp.
472 4008 532 4065 501·
548 4012 630 4067 s...
645 4012 706 4071 soe
718 4009 752 4065 n.
788 3992 1162 4086 incopsoscpsp.

1128 3868 1198 3934 vio-
1305 3936 1309 3943 ,
