2992 5220
817 469 988 516 ..201—

435 635 553 701 cerrimi
586 631 791 696 adolescentis
819 647 851 696 et
890 648 1043 714 perquam
1073 630 1233 710 amabilis,
1265 633 1359 715 cujus

436 767 507 816 cum
529 749 656 814 Socrate
675 749 714 812 de
733 749 845 830 pulcro
866 762 897 814 et
924 765 1037 813 amore.
1053 766 1214 814 sermones
1235 749 1267 813 id
1287 746 1373 814 effe·⁴

436 877 567 942 cerunt,
599 864 635 927 ut
670 879 740 928 esse
772 861 940 928 fateremur
969 882 1105 929 amorem
1138 882 1202 955 non
1232 865 1363 930 noxium

436 980 637 1060 mortalibus,
670 994 706 1043 ut
738 979 854 1062 Lysiae
883 979 1064 1062 placebat,·
1081 981 1138 1047 sed
1158 981 1361 1046 maximorum

352 1165 354 1168 ,
435 1099 497 1164 illis
528 1098 684 1163 bonorum
714 1110 885 1163 auctorem.
928 1097 1044 1162 Pariter
1071 1115 1154 1162 nunc
1174 1097 1266 1163 nobis
1289 1097 1364 1161 ado·

436 1220 604 1283 lescentem
624 1213 773 1295 proponit
796 1211 905 1303 indole
920 1211 1049 1290 divini,
1072 1229 1137 1276 non
1163 1210 1362 1301 formosum,

437 1330 557 1397 Socrati
594 1329 671 1393 adeo
713 1327 924 1407 simillimum,
958 1327 1013 1409 qui
1044 1346 1062 1391 a
1091 1325 1192 1392 forma
1218 1329 1363 1410 profecto

435 1466 502 1537 pon
522 1443 791 1512 commendabatur
820 1461 1027 1528 magnopere;
1059 1444 1115 1509 sed
1142 1445 1257 1525 talem,
1289 1464 1364 1525 qua-

435 1566 495 1631 lem
522 1565 584 1628 hoc
613 1559 754 1645 postulat
779 1542 1214 1645 argumentumsssagrantem
1243 1561 1366 1644 sapien·

438 1680 499 1746 tiae
516 1697 642 1761 amore,
664 1682 773 1744 natum
793 1678 1045 1760 philosophum,
1066 1678 1223 1762 cujusque
1250 1680 1283 1742 in
1301 1680 1366 1744 ani·

436 1815 489 1863 mo
521 1797 663 1861 Socrates
693 1796 815 1861 insitam
848 1794 986 1860 discendi
1018 1795 1306 1879 cognoscendique.
1319 1794 1366 1860 fa·

403 1978 409 1988 ,
437 1914 582 1986 cultatem
606 1912 651 1977 sic
676 1912 789 1979 excitat
820 1913 1080 1993 sermocinando,
1112 1924 1174 1992 ut,
1205 1930 1287 1995 quae
1308 1912 1367 1976 ho·

437 2031 529 2096 minis
551 2030 592 2095 sit
613 2030 651 2094 ad
672 2029 832 2095 veritatem
854 2027 1069 2094 inveniendam
1093 2028 1215 2094 indoles
1238 2030 1365 2110 natira,

438 2165 581 2229 quaeque
615 2145 729 2210 indolis
760 2146 802 2208 sit
833 2145 927 2228 hujus
957 2145 1188 2228 promovendae
1214 2144 1392 2233 corroboy

436 2262 611 2344 randaeque
640 2261 719 2326 ratio
750 2260 891 2344 optima,
913 2276 1029 2344 sponte
1060 2261 1158 2327 simus
1177 2261 1363 2328 assecuturi.
1468 2281 1473 2297 ·

436 2378 519 2446 Nam
546 2380 655 2460 Plato,
679 2380 767 2463 quod
795 2378 951 2460 diximus,
975 2397 1056 2461 quae
1084 2393 1186 2445 mente
1209 2379 1367 2463 excogita·

433 2511 545 2578 verat,
568 2496 668 2562 oculis
690 2497 765 2562 haec
797 2495 864 2562 fere
889 2498 1041 2562 lectorum
1067 2497 1221 2581 suincere
1237 2498 1364 2578 studet,

433 2628 536 2705 utque
564 2627 631 2676 tum
664 2611 758 2674 nobis
790 2612 949 2675 Phaedrus
972 2614 1117 2692 apparuit
1142 2619 1365 2694 imminutor,

434 2732 449 2794 l
470 2727 673 2809 Φιλόμουσσς,
696 2728 710 2790 l
732 2726 887 2804 hortale:
922 2722 963 2784 ita
982 2742 1065 2785 nuuc
1087 2723 1293 2788 Theaetetum
1314 2748 1368 2792 ex·

434 2837 651 2924 plorabimuS,
681 2842 732 2905 riu
761 2843 897 2918 εὐμαθῆ,
930 2841 979 2906 τὸν
1000 2842 1172 2922 blaaudi,
1203 2843 1253 2908 τὸν
1273 2845 1366 2926 φύσει

432 2961 619 3044 mildredam
643 2953 824 3035 pariterque
845 2970 928 3016 nunc
946 2953 1037 3017 nobis
1061 2954 1252 3018 Theaetetus
1277 2957 1367 3023 hicce

432 3068 667 3156 philosophiam
695 3068 761 3133 veri
793 3068 953 3149 recludet,
983 3084 1018 3133 ut
1050 3083 1117 3134 tum
1141 3088 1200 3134 nos
1222 3071 1311 3138 duxit
1332 3073 1364 3139 in

434 3186 536 3273 pulcri
557 3183 789 3268 philosophiam
810 3184 980 3250 Phaedrus.

392 3374 394 3379 ,
472 3303 653 3388 Dialogus,
676 3319 770 3383 quem
793 3299 1022 3384 significamus,
1046 3302 1210 3371 Theaeteti
1238 3308 1366 3375 nomine

433 3422 631 3506 inscriptus,
662 3418 816 3503 eiusmodi
840 3418 933 3484 habet
966 3422 1149 3502 exordium,
1179 3437 1240 3504 ut,
1270 3446 1363 3508 quam

432 3540 573 3605 eximiam
604 3537 797 3601 Theaetetus
822 3554 838 3599 a
861 3537 976 3601 teneris
1008 3538 1144 3606 indolem
1166 3542 1363 3621 prodiderit,

432 3673 472 3720 ex
499 3650 641 3719 Euclidis
670 3671 742 3716 cum
769 3650 948 3734 Terpsione
975 3654 1175 3719 sermonibus
1212 3657 1365 3736 intelliga-

432 3788 503 3834 mus
536 3767 702 3833 continuo.
747 3767 831 3834 Nam
861 3768 998 3853 Megaris
1029 3771 1082 3836 ille
1115 3776 1147 3835 ln
1174 3771 1258 3835 hunc
1287 3770 1365 3836 inci-

430 3888 532 3966 dens,
553 3886 586 3951 in
607 3899 703 3968 portu
723 3903 759 3951 se
784 3899 887 3949 narrat
911 3884 1118 3951 Theaetetum
1136 3884 1275 3967 vidisse,
1298 3906 1365 3951 nro·

431 4000 599 4070 ribundum
629 3998 717 4083 fere,
749 4019 848 4084 quum
887 4000 1090 4083 vulneribus,
1133 4004 1269 4084 quaein
1295 4005 1386 4095 acie,

1312 4138 1362 4186 ac·
