2992 5220
640 485 834 550 -ros-

272 665 375 717 autem
396 647 488 714 vobis
502 645 761 727 interfui,quum
773 661 926 727 quatenus
948 647 1117 731 sapientiae
1135 663 1204 713 stu*

277 765 412 830 omnum
433 780 514 830 esset
527 764 628 844 ,iuter
644 782 701 827 vos
716 762 922 828 consuleretis
935 809 947 844 ,
958 764 1121 845 novique,
1143 765 1204 828 hu·

272 881 411 966 jusmodi
436 881 518 963 apud
536 901 594 946 vos
618 880 731 946 vicisse
753 880 955 960 opinionem,
977 899 1043 946 non
1070 892 1202 946 conten·

276 997 411 1064 dentium
442 1013 513 1062 esse
536 998 567 1060 in
595 996 845 1078 philosophando
867 999 906 1063 ad
928 1002 1104 1082 ἀκριβείαν,
1126 994 1201 1062 dta-

271 1115 436 1197 gentiam:
459 1111 703 1176 adhortabamini
728 1131 786 1177 vos
813 1112 944 1178 invicem
967 1114 1067 1194 adeo,
1091 1129 1128 1179 ut
1148 1133 1199 1180 ca-

275 1227 391 1294 veretis
423 1227 607 1311 diligenter,
650 1246 690 1293 ne
719 1230 823 1309 ultra,
860 1249 950 1312 quarn
981 1229 1128 1311 deceret,
1156 1250 1206 1298 sa-

275 1343 398 1428 pientes
432 1342 530 1423 facti,
574 1344 786 1428 imprudentes
815 1347 1104 1431 corrumperemini.
1155 1348 1203 1416 Ut

274 1461 371 1545 lgitur
397 1475 430 1527 te
450 1461 553 1526 aulivi
578 1463 654 1528 haec
679 1462 755 1527 mihi
780 1464 984 1544 suadentem,
1016 1466 1102 1546 quod
1129 1466 1205 1533 ami·

275 1576 408 1643 cissimis
438 1577 495 1642 tibi
520 1577 698 1644 hominibus
728 1579 877 1660 suasisti,
899 1581 1047 1648 indicium
1076 1583 1109 1648 id
1127 1583 1205 1650 mihi

276 1695 423 1761 idoneum
439 1694 524 1774 fuit,
547 1697 708 1762 verissime
747 1710 779 1762 te
810 1697 886 1763 mihi
918 1698 1099 1765 benivolum
1120 1718 1202 1767 esse.

279 1811 445 1876 Caeterum
468 1811 564 1877 libere
583 1828 615 1875 te
636 1813 724 1892 loqui
747 1831 804 1878 nec
832 1816 1053 1897 verecundari,
1086 1818 1206 1901 etipse

278 1926 357 1992 dicis
382 1940 415 1992 ct
442 1944 544 2026 senno
583 1926 639 1991 tibi
670 1942 763 2006 tuus,
795 1945 887 2007 quem
915 1931 1009 1993 modo
1039 1932 1203 2014 habuisti,

279 2043 459 2110 assentitur.
492 2042 544 2108 Sic
574 2043 669 2127 igitur
696 2043 727 2108 in
746 2042 832 2108 hisce
857 2061 892 2109 se
915 2062 965 2109 res
985 2062 1068 2110 nunc
1087 2021 1203 2113 habet:

278 2160 306 2225 si
335 2159 412 2242 quid
441 2174 475 2224 tu
506 2158 580 2224 mihi
611 2159 642 2223 in
674 2159 871 2224 sermonibus
904 2176 1051 2224 assensus
1077 2156 1204 2240 fueris,

278 2280 472 2361 erploratum
500 2277 559 2341 lroc
582 2277 643 2358 jam
665 2276 739 2340 satis
759 2295 776 2339 a
801 2290 881 2339 teat
901 2293 1061 2355 maesse,
1083 2294 1140 2343 nec
1168 2277 1207 2341 il·

212 2435 216 2450 =
277 2396 335 2461 lud
366 2395 405 2458 ad
430 2394 606 2458 aliudesse
635 2409 761 2456 examen
789 2391 994 2474 erigendum:
1025 2410 1090 2456 non
1121 2393 1205 2460 euim

279 2529 424 2578 assensus
454 2525 490 2574 tu
511 2509 542 2573 id
568 2527 653 2573 esses
682 2525 785 2587 neque
815 2506 982 2590 sapientiae
1012 2506 1205 2592 indigentia,

278 2648 382 2710 neque
400 2625 602 2694 verecundiae
630 2623 841 2704 abundantia,
874 2640 979 2705 neque
1014 2642 1091 2689 vero
1124 2627 1208 2692 deei-

277 2745 383 2830 piendi
412 2748 532 2809 caussi:
566 2740 683 2805 arnicus
710 2739 792 2804 enim
812 2739 888 2805 milti
909 2759 969 2821 es,
992 2756 1027 2805 ut
1048 2741 1118 2826 ipse
1143 2744 1202 2810 ais.

279 2864 401 2930 Revera
438 2861 533 2945 igitur
564 2878 650 2923 meus
677 2870 817 2937 tuosque
857 2875 1031 2923 consensus
1068 2860 1205 2926 veritatis

277 2977 405 3045 habebit
437 2994 606 3042 sumntum.
662 2973 724 3038 Est
752 2986 855 3038 autent
887 2965 1071 3056 pulcerrima
1103 2995 1206 3044 rerum

277 3094 513 3173 consideratio,
536 3092 706 3172 Callicles,
725 3091 764 3156 de
786 3089 904 3172 quibus
928 3109 978 3156 me
992 3093 1210 3176 reprehendis·

275 3214 300 3278 ti
321 3214 439 3292 modo,
473 3211 596 3290 qualem
627 3227 697 3273 esse
724 3208 825 3272 virum
854 3223 1020 3288 oporteat,
1043 3211 1120 3291 quid
1141 3229 1209 3278 stu·

278 3331 350 3395 dere
378 3342 410 3391 et
443 3339 620 3404 quatenus,
642 3305 713 3385 cum
746 3323 923 3399 seniorem,
945 3336 1012 3387 tum
1036 3326 1205 3406 juniorem.

278 3443 351 3526 Ego
378 3440 461 3505 enim
490 3437 615 3515 siquid
637 3437 668 3499 in
695 3434 758 3498 vita
785 3453 851 3499 mea
878 3435 982 3500 minus
1011 3452 1095 3503 recte
1123 3459 1206 3525 ago,

278 3559 359 3629 scito
383 3575 447 3624 non
474 3531 589 3637 sponte
614 3571 664 3616 me
688 3550 896 3633 iubentesque
916 3569 1037 3634 errare,
1058 3556 1116 3620 sed
1135 3578 1210 3640 prae

275 3677 401 3747 inscitii
429 3672 551 3739 scilicet
579 3673 660 3736 mea.
708 3666 762 3733 Tu
790 3667 907 3752 igitur,
938 3684 975 3733 ut
1004 3689 1131 3739 monere
1159 3694 1210 3744 me

277 3793 434 3879 coepisti,
478 3790 520 3855 ita
551 3805 592 3853 ne
623 3787 745 3851 desinas
772 3783 886 3865 velim,
917 3785 973 3850 sed
1004 3791 1095 3868 plane
1132 3793 1210 3862 nihi

279 3911 479 3985 demonstra,
512 3903 590 3985 quid
610 3901 688 3967 illud
717 3900 781 3980 sit,
812 3899 845 3964 in
876 3900 960 3981 quod
991 3902 1068 3968 mihi
1090 3905 1211 3974 incum-

280 4019 417 4088 bendum
428 4020 569 4093 videatur
590 4031 624 4087 et
643 4018 706 4101 qua
723 4016 801 4085 illud
819 4009 871 4085 vil
888 4035 1075 4101 consequar.
1099 4023 1213 4107 Quod-

1184 4159 1213 4210 st
