2992 5220
523 475 720 539 quw-m

146 633 232 710 cris,
264 649 345 714 quae
389 632 422 696 vi
461 634 679 716 pulcritudinis
722 635 846 720 capiant
879 651 1074 721 teneantque

143 763 278 817 mentem
299 756 437 815 nostram
468 764 586 817 totam:
611 751 707 832 hinc,
729 751 825 818 missa
845 750 965 818 formae
984 773 1076 821 cour«

143 865 362 948 mundatione,
381 870 421 935 ad
447 872 578 954 pulcros
596 867 742 948 animos,
763 869 837 936 inde
855 869 894 936 ad
914 870 1016 936 studia
1037 885 1074 937 tt

29 1063 35 1072 ,
144 982 245 1050 officia
263 986 372 1066 pulcra
396 997 428 1050 et
439 986 601 1068 praeclara
618 986 871 1068 procedendum:
896 976 1073 1057 esse‘enuu

142 1100 236 1169 nobis
267 1115 323 1185 per
349 1103 409 1169 hos
440 1103 530 1184 quasi
549 1104 661 1188 gradus
691 1104 735 1187 ad¹
759 1103 837 1169 illud
861 1095 1074 1175 accedeuouiu
1156 1153 1161 1160 -

144 1221 313 1304 pulcrum,
358 1217 445 1299 quod
472 1236 531 1284 nec
557 1220 659 1286 oculis
679 1238 737 1286 nec
758 1219 887 1287 autibus
914 1238 973 1287 uec
1001 1222 1074 1307 uilo

141 1354 237 1405 sensu
256 1336 449 1419 percipitur,
485 1353 547 1403 una
565 1336 680 1403 mentis
698 1336 755 1418 vi,
787 1349 856 1405 uno
882 1340 952 1408 tori
976 1343 1074 1425 durh

141 1480 179 1539 up
213 1454 363 1539 cognosci
392 1466 511 1536 potest.
534 1449 566 1493 ω
605 1453 669 1521 Sed
699 1453 836 1520 Socratis
870 1455 1070 1524 recordemur
1157 1480 1166 1503 ⁸

140 1571 238 1652 item,
269 1590 368 1652 quum
408 1569 574 1636 amantium
602 1570 696 1637 nobis
732 1568 874 1639 intorem
911 1572 1072 1641 describe-

140 1700 207 1754 rett
233 1683 265 1728 ‘⁸'
285 1700 356 1755 nam
379 1688 481 1754 elucet
501 1689 532 1753 in
558 1688 663 1754 modio
680 1687 739 1755 ilio
765 1687 897 1771 iurare,
917 1691 991 1757 uiiis
1013 1691 1070 1758 uit¹

139 1803 239 1887 irenis
255 1805 427 1889 frugendo,
449 1805 588 1872 veritatis
608 1825 709 1871 arnor.
752 1804 900 1892 Quodsi,
914 1805 1074 1889 ‚dictbtttu'

79 1935 82 1942 ·
140 1920 178 1988 iit
207 1919 398 2002 aliquando,
420 1933 457 1986 ut
487 1921 582 2002 quis,
603 1921 712 1988 diuino
743 1937 920 2005 conspecto
947 1901 1070 2005 rouo,

140 2040 196 2122 oui
224 2039 338 2124 ipsamg
360 2037 389 2104 ei
420 2038 521 2122 pulcri
549 2037 712 2123 imaginem
744 2036 914 2122 perfectam
947 2040 1072 2107 instau-

140 2172 209 2239 ret,
231 2157 293 2223 hoc
320 2155 417 2242 igitur
435 2155 507 2238 quis
532 2169 731 2239 conspecto,
759 2154 937 2223 incredibii
960 2156 1073 2223 iuuene:

139 2277 230 2342 datur
255 2273 379 2340 dirime
411 2271 530 2341 formae
556 2291 685 2352 amore,
716 2287 783 2340 turn
812 2291 889 2340 vero
914 2273 1072 2342 otturaiir

139 2392 241 2477 ipsius
269 2405 302 2456 et
332 2389 434 2472 pulcri
457 2404 494 2453 ,ει
520 2388 597 2451 boni
620 2403 652 2452 et
670 2389 749 2468 justi
768 2389 937 2468 omnisque
954 2388 1070 2456 verita-r

77 2491 81 2498 ¹
138 2508 182 2575 tis
204 2525 291 2572 autor
312 2506 345 2570 iu
371 2506 439 2588 ejus
462 2517 568 2568 mente
591 2501 698 2566 subito
719 2501 924 2581 accenditur,
938 2512 1072 2584 quoquo¹

137 2623 285 2690 aurasium
319 2620 525 2704 prosequitur
547 2619 678 2698 ardore,
701 2635 767 2700 quo
801 2635 873 2683 eum
904 2619 981 2685 colit
1009 2619 1073 2687 hu«

137 2759 239 2820 nore,
262 2738 369 2805 divino
398 2738 515 2832 piane,
537 2736 645 2802 eodem
666 2739 809 2820 pulcrum
830 2735 936 2820 ipsum
956 2752 987 2804 et
1008 2737 1073 2805 boa.

137 2875 214 2926 uum
237 2871 270 2922 et
291 2858 433 2940 iustum,
452 2854 613 2920 veritatem
633 2853 785 2933 omnino,
806 2855 1013 2938 prosequitur
1035 2870 1073 2923 oo

137 2976 237 3042 coiitt
274 2975 361 3057 quod
391 2985 477 3055 patet
508 2990 528 3038 e
553 2971 751 3037 sermonibus
780 2972 933 3037 continuo
963 2990 1073 3038 amnt·n

137 3093 240 3172 tium,
263 3110 346 3175 quos
367 3089 497 3156 crebros
523 3104 556 3154 et
579 3107 676 3155 sensu
697 3086 878 3170 affectuque
895 3088 1009 3172 plenos
1027 3089 1072 3156 do

136 3213 275 3294 putero,
298 3212 389 3294 iusto
411 3223 443 3274 et
465 3225 541 3275 vero
564 3207 716 3286 miscuit,
739 3219 806 3272 tuot
836 3219 915 3273 vero
935 3224 978 3274 ert
1002 3220 1072 3273 totu

137 3326 264 3393 illorum
286 3325 373 3390 vitat
405 3343 475 3388 narn
496 3322 563 3388 veti
578 3321 766 3403 assequendi
791 3320 826 3386 io
847 3321 943 3386 rebus
966 3321 1071 3388 omni·

138 3443 201 3509 bus
225 3458 360 3507 amorem
392 3440 494 3502 omnia
513 3454 623 3511 eorum
643 3436 769 3515 studia,
792 3436 897 3530 omnia
923 3437 1074 3520 proposi·

136 3573 192 3641 ta,
214 3555 354 3624 facinora
373 3555 475 3621 omnia
492 3552 632 3637 produnt
650 3571 684 3616 ac
711 3550 841 3634 spirant.
864 3550 896 3595 ⁰³

178 3673 346 3763 Expdcaoe
385 3674 462 3738 haec
504 3670 609 3736 omnia
651 3667 829 3753 diligentius
866 3667 1083 3753 studuimus,

971 3806 1074 3869 quun

173 3966 214 4032 (ι)
235 3965 327 4033 Symp.
346 3964 451 4016 πολ).
467 3980 575 4018 -2120
596 3963 631 4014 A.
650 3952 694 4014 ct.
713 3979 792 4029 supra
806 3960 843 4014 V.
864 3978 927 4031 r.p.
940 3935 1067 4036 ἰεμῃ.
1118 3930 1133 3956 ”

175 4058 216 4129 (²)
237 4061 351 4116 Phtttdr.
368 4062 415 4119 251
435 4079 496 4132 sqq·
581 4063 621 4133 (3)
642 4060 756 4115 Phredr.
774 4054 820 4116 a51
840 4079 901 4132 sqq.
