2992 5220
837 506 1029 568 ...124-

467 650 550 754 uum
577 673 704 746 ituuiut·
749 665 879 734 Sciantis
902 687 1068 736 sermonum
1095 667 1173 738 dicis
1195 646 1392 740 uiuentemei
1447 696 1451 703 ’

463 792 665 866 animatum,
685 783 774 866 ctu'us
786 787 905 872 scripta
920 789 1022 851 aratio
1040 785 1242 851 simulacrum
1264 785 1396 874 aliquod

463 880 524 971 uon
552 906 654 990 inepte
677 898 921 989 nuncupabitur.
965 899 995 966 E
1027 918 1089 982 qua
1118 903 1269 968 sententia
1299 898 1391 987 origo

461 1017 575 1104 dialogi
597 1030 712 1102 sponte
738 1016 874 1082 ducitur.
920 1015 981 1082 Sed
1008 1028 1115 1101 pergat
1133 1015 1277 1084 Socrates
1301 999 1390 1099 quod
1451 1044 1454 1049 ·

461 1135 565 1202 animo
595 1133 694 1200 sentit
716 1133 879 1217 explicare.
926 1133 1107 1199 Sermonem
1129 1135 1262 1216 deinde,
1294 1154 1388 1218 quem

445 1235 564 1335 'dixin
594 1255 744 1322 uiuentem
774 1263 806 1317 et
830 1252 1030 1330 animatum,
1053 1234 1389 1335 agricolae'comptmt¹

458 1389 517 1454 per
541 1387 633 1454 agros
661 1368 779 1435 semina
807 1365 977 1452 spargenti.
1027 1364 1064 1431 Id
1091 1363 1168 1429 mihi
1196 1366 1267 1446 dic,
1291 1386 1385 1448 qute-

457 1505 520 1569 so,
551 1486 616 1567 ait,
645 1484 758 1551 mentis
784 1502 915 1565 compos
938 1482 1095 1566 agricola,
1128 1480 1157 1545 si
1190 1501 1270 1564 quoe
1290 1480 1385 1550 habet

455 1601 594 1681 semino,
625 1617 706 1682 quse
728 1599 790 1681 ipsi
819 1615 911 1662 curte
930 1596 1081 1678 cordique
1111 1610 1210 1677 sunt,
1233 1615 1386 1680 quorum*
1454 1625 1465 1656 .-

454 1737 518 1802 que
546 1718 667 1783 fructus
699 1731 811 1798 capere
840 1728 935 1795 ovet,
977 1713 1130 1795 numquid
1160 1714 1190 1779 in
1226 1698 1383 1780 Adonidis

453 1818 588 1901 hortulis
609 1832 699 1916 quasi
718 1850 808 1898 arans
827 1831 937 1898 sedulo
960 1828 1013 1912 ω,
1041 1830 1186 1916 gaudebit
1212 1831 1273 1896 hos
1293 1849 1385 1915 spec·

452 1967 522 2019 tons
548 1952 694 2018 hortulos
718 1950 798 2014 intra
825 1947 892 2014 dies
917 1965 991 2014 octo
1011 1948 1073 2033 jam
1095 1949 1226 2031 pulcros
1250 1945 1382 2015 foetos?

453 2070 506 2136 An
539 2088 615 2136 vero
658 2067 689 2132 id
728 2066 803 2133 festi
840 2065 1000 2150 cuiusdam
1034 2063 1095 2130 diei
1125 2063 1255 2146 ludique
1286 2066 1381 2150 gmtit

451 2186 563 2265 saciet,
585 2184 613 2249 si
635 2182 762 2267 quidem
785 2180 896 2250 facistz
919 2194 970 2262 tt,
992 2179 1047 2246 ubi
1062 2176 1145 2245 serio
1164 2188 1280 2264 agens,
1302 2181 1381 2266 agii·

450 2303 589 2368 culturae
618 2298 756 2365 studium
779 2295 974 2376 adhibuerit,
1014 2309 1122 2378 seret,
1153 2296 1208 2362 ubi
1233 2296 1382 2365 convenit

450 2435 483 2488 et
512 2417 587 2486 sotis
619 2417 680 2484 sibi
703 2428 892 2483 consecutus
926 2413 1106 2496 videbitur,
1138 2413 1164 2480 si
1195 2429 1268 2480 octo
1295 2432 1382 2482 men·

447 2532 530 2600 sium
558 2533 721 2598 intervoilo
751 2530 831 2596 satio
850 2528 949 2614 ipsius
971 2526 1078 2613 fruges
1098 2529 1296 2612 protulerit?
1319 2530 1382 2596 Hic

447 2651 629 2718 Phoedmst
653 2649 695 2714 ito
718 2664 874 2730 prorsus,
903 2662 924 2709 ο
949 2645 1118 2726 Socrates,
1141 2645 1204 2726 ait,
1227 2644 1279 2712 illa
1310 2647 1381 2729 qui·

446 2769 517 2834 dem
540 2765 649 2831 ludens
671 2765 834 2849 jocoque,
863 2759 1024 2842 moitis,
1052 2761 1128 2826 hoec
1157 2776 1259 2840 autem
1294 2763 1378 2829 serio

445 2879 550 2953 faciet.
595 2881 656 2950 Cui
674 2880 838 2947 Socrates:
861 2877 1019 2944 hominem
1041 2895 1140 2959 vero,
1160 2878 1239 2964 justi
1261 2879 1378 2947 hones·

446 2999 535 3083 tique
566 2997 724 3063 scientiam
755 2994 989 3079 possidentem,
1026 2993 1162 3078 agricole
1192 2995 1377 3078 ineptiorem

446 3115 485 3180 td
514 3113 630 3178 semim
656 3129 712 3175 sua
734 3108 905 3192 spargendo
935 3109 1141 3192 putabimus?
1161 3148 1206 3164 -
1226 3111 1376 3180 Omnium

445 3229 582 3297 minime.
604 3262 651 3281 ·-
670 3226 747 3293 Non
768 3204 865 3311 igitor
877 3224 1022 3294 studiose
1038 3226 1128 3311 quasi
1148 3227 1179 3294 in
1202 3246 1283 3310 aqut
1298 3229 1377 3298 seri·
1471 3214 1476 3237 '

391 3408 394 3412 .
446 3350 522 3429 bet,
543 3360 712 3414 atramento
738 3362 797 3432 per
821 3345 971 3412 calamum
1003 3362 1110 3413 serens
1137 3359 1170 3413 et
1200 3365 1282 3415 usus
1306 3365 1377 3416 om·

445 3465 554 3545 tione,
577 3481 657 3546 quae
674 3479 731 3527 nec
751 3459 878 3528 sibimet
897 3462 965 3546 ipso
984 3460 1125 3529 tosilitri
1151 3461 1295 3545 ratione,
1317 3482 1376 3532 nee

571 3596 575 3604 “
1293 3574 1377 3645 tlios'

480 3767 521 3839 (t)
541 3761 589 3817 Sic
608 3763 758 3835 exprimere
776 3760 911 3831 vulgum
931 3757 1077 3815 tectim
1094 3755 1204 3821 tundo,
1222 3770 1302 3824 qum
1312 3759 1375 3807 tuo·

444 3883 490 3935 ior
511 3877 571 3927 Aet.
587 3873 621 3924 td
632 3872 749 3929 essese.
762 3889 791 3940 p.
808 3871 868 3926 888.
886 3867 969 3921 Forte
978 3883 1032 3935 pro
1042 3864 1114 3939 mu
1130 3861 1271 3934 legendum
1286 3856 1373 3943 iuius

444 3976 582 4046 irrigant,
600 3976 632 4025 ot
646 3970 777 4024 minii:
796 3970 850 4024 tit:
878 3963 1003 4039 agunto
1023 3987 1064 4009 -
1088 3964 1224 4036 nunquid
1241 3980 1276 4020 aa
1301 3965 1374 4017 tario

446 4076 476 4129 ia
491 4071 629 4129 Adonidis
643 4069 734 4123 itarit‘e
749 4068 888 4139 irrigant,
901 4059 1038 4137 gadaili
1053 4081 1095 4108 n
1369 4086 1372 4093 ·
