2992 5220
695 469 849 534 ..3.‚

303 648 374 701 csse
398 633 429 699 in
458 634 637 716 eloquentia
650 630 838 713 hommum,
870 645 906 697 ut
934 630 1064 698 dicendo
1095 631 1237 720 homines

276 768 370 817 --cum
399 751 438 815 ad
467 750 629 816 veritatem
661 750 776 829 ducat,
799 764 865 815 tum
894 750 983 833 ipsos
1003 748 1155 837 emendet.
1188 751 1234 818 Et

299 868 442 949 quamvis
472 870 587 951 vulgus
616 867 797 948 indoctum,
821 882 857 932 ut
886 860 968 932 solei
997 881 1143 954 semper,
1162 866 1231 933 ·sic

297 983 473 1048 etiamnunc
508 982 653 1048 inanibus
683 983 853 1048 simulacris
881 982 1039 1064 capiatur:
1086 979 1229 1069 quamvis

297 1100 361 1167 siut
389 1099 461 1164 item
493 1099 609 1180 hodie,
649 1081 728 1181 qui,
763 1115 798 1167 ut
826 1117 928 1165 errare
960 1099 1127 1185 humanum
1157 1112 1229 1179 est,

252 1304 256 1313 ¹
295 1215 338 1281 ira
364 1233 488 1281 errores
511 1233 606 1294 suos,
629 1216 734 1298 specie
755 1216 816 1299 ipsi
837 1216 978 1282 veritatis
998 1215 1140 1303 decepti,
1163 1234 1232 1303 om·

293 1330 328 1395 ni
350 1331 566 1405 commendare
585 1346 617 1398 et
641 1330 721 1398 'tueri
753 1333 954 1414 eloquentiae
985 1347 1052 1398 arte
1084 1332 1227 1422 student:

293 1446 447 1530 quamvis·
464 1447 548 1513 haud
563 1448 666 1515 desint
689 1449 738 1516 his
760 1449 878 1515 nostris
899 1451 989 1516 etiam
1010 1448 1227 1540 temporibus,

291 1564 367 1647 qui,
389 1579 426 1631 ut
445 1564 581 1650 Gorgias
598 1565 674 1632 olim
697 1583 729 1633 et
747 1567 866 1646 Polus,
889 1585 992 1631 autam
1014 1565 1102 1650 vulgi
1122 1564 1228 1657 dicen,

290 1681 332 1747 do
360 1682 591 1765 scribendoque
619 1697 742 1768 captare
763 1698 875 1750 avent:
900 1696 1007 1769 tamen,
1033 1682 1116 1749 haud
1136 1680 1228 1751 facile

289 1798 456 1883 quisquam
489 1800 679 1885 reperiatur,
707 1800 765 1881 qui
794 1799 920 1884 publice
940 1799 1074 1883 probare
1099 1799 1225 1884 sophis·

287 1913 362 1979 ticas
380 1916 435 1980 has
446 1931 528 1983 artes
539 1963 551 1997 ,
562 1935 685 1998 ,easque
704 1916 882 1983 dialecticae
898 1929 930 1983 et
949 1916 1148 2007 eloquentiae
1166 1934 1226 1981 no·

215 2055 220 2063 ·
287 2027 371 2092 mine
405 2033 622 2094 commendare
657 2033 823 2100 sustineat.
890 2033 952 2097 Sed
984 2050 1049 2112 quo
1090 2032 1222 2114 majores

284 2144 327 2208 ita
358 2142 473 2208 fecisse
497 2142 536 2207 ad
559 2140 766 2207 maturitatem
792 2162 878 2207 suam
901 2165 1092 2232 progressus
1119 2165 1217 2232 genus

284 2262 452 2328 humanum
471 2259 618 2338 videtur,
641 2275 680 2323 eo
700 2275 760 2323 nos
780 2259 969 2325 dialecticam
989 2235 1118 2346 veram,
1142 2284 1217 2345 qua·
1270 2312 1273 2319 .

283 2398 355 2445 cum
383 2381 551 2462 conjuncta
579 2394 651 2442 esse
670 2394 743 2441 vera
767 2375 947 2457 eloquentia
971 2377 1090 2473 debet,
1114 2379 1219 2468 ,inda-

270 2514 354 2582 gare
382 2506 509 2577 oportet
538 2491 740 2576 diligentius:
764 2511 830 2559 eam
849 2493 944 2576 dico,
968 2512 1049 2577 quae
1058 2503 1081 2593 ,¹
1093 2507 1129 2563 ut
1150 2495 1216 2580 pri-

279 2631 364 2678 mum
395 2612 563 2677 inductaa
596 2611 725 2676 Socrate
753 2624 827 2691 est,
858 2610 965 2677 ita-ad
974 2588 1216 2710 ,praeiudicatae

279 2728 479 2813 deponendas
512 2727 701 2811 opiniones,
723 2746 897 2811 verumque
926 2727 1071 2797 inomni
1103 2751 1214 2801 caussa
1335 2770 1339 2777 ·

278 2867 348 2915 cum
373 2846 593 2915 inveniendum
621 2846 776 2925 solerter,
820 2859 886 2915 tum
920 2844 1040 2911 naviter
1071 2865 1212 2934 propug-

277 2967 413 3033 nandum
443 2965 604 3049 pertinet,
628 2964 782 3044 uniceque
802 2963 907 3027 valere
935 2962 973 3028 ad
992 2962 1212 3053 philosophiae

274 3082 435 3157 tuendum·
454 3084 574 3163 decus,
605 3097 672 3147 turn
693 3099 770 3147 vero
796 3078 888 3147 etlam
920 3079 957 3144 ad
977 3080 1209 3163 provehendam

275 3214 333 3280 per
364 3197 596 3281 philosophiam
618 3199 746 3265 humani
771 3198 893 3283 generis
924 3199 1114 3265 salutemet
1141 3196 1213 3265 feli·

245 3371 251 3385 .
274 3311 399 3379 citatem
425 3325 457 3376 et
487 3328 593 3394 potest
622 3330 654 3381 et
680 3315 785 3383 debet.
829 3317 931 3402 Quam
956 3316 983 3381 si
1007 3317 1210 3399 quaerimus,

274 3430 362 3496 Plato
389 3429 505 3508 nobis,
538 3429 599 3494 hoe
628 3428 702 3494 item
730 3434 921 3519 proposito,
942 3435 1091 3517 legendus
1113 3438 1209 3503 maxi·

275 3564 326 3615 me
353 3546 581 3629 diligenterque
613 3545 813 3628 explicandus
850 3551 985 3615 videtur.
1038 3551 1069 3615 ls
1098 3553 1208 3636 enim,

206 3725 209 3729 .
274 3679 311 3732 ut
334 3678 431 3730 artem
458 3663 579 3731 invenit
595 3660 787 3745 scriptisque
810 3664 876 3730 suis
896 3665 1084 3747 celebravit,
1107 3689 1208 3753 quae,

273 3797 309 3849 ut
334 3791 512 3869 supraqnos
532 3780 668 3849 vidimus
689 3779 746 3863 (¹³,
769 3800 830 3849 uua
850 3782 982 3871 maxime
999 3787 1101 3879 pulcri
1118 3806 1208 3853 nmo·

445 3996 447 4001 Ι
1141 3880 1206 3971 rem

308 4036 350 4107 (ι.)
370 4034 434 4090 Vol.
454 4035 477 4089 1.
495 4053 522 4103 p.
542 4038 600 4108 ¹7⁴·

706 4092 781 4207 no
