2992 5220
515 504 685 576 uns-n>

150 721 235 786 star,
272 705 355 771 haud
392 704 563 789 quidquam
592 706 789 788 probemus,
830 706 892 772 nisi
922 708 1010 790 quod
1032 708 1084 774 illi

149 823 317 903 dixerunt,
356 836 430 905 aut,
460 802 540 906 quae
568 820 738 916 dixerunt,
777 820 870 890 unice
896 840 970 891 vera
991 826 1082 907 pute-

150 947 234 1004 mus.
285 937 405 1004 Misera
434 952 518 1004 esset
556 937 702 1021 profecto
736 939 876 1024 gentium
908 939 1082 1009 Germani·

116 1082 118 1087 r
150 1072 255 1120 carum
282 1053 445 1136 conditio,
479 1055 507 1120 si
538 1069 613 1139 post
639 1069 695 1120 tot
714 1069 884 1141 tantosque
906 1059 1082 1125 exantlatos

149 1168 200 1232 ad.
218 1186 328 1233 verum
346 1167 566 1234 inveniendum
588 1168 734 1249 labores,
754 1182 913 1235 constaret
932 1170 1080 1252 tandem,

149 1281 267 1349 fmsna
280 1282 365 1364 ipsas
387 1301 444 1364 per
455 1297 504 1348 tot
515 1286 638 1350 saecula
657 1284 1001 1369 laborasse‚vanaque·
1008 1288 1085 1354 esse

131 1382 194 1465 ‘ets
204 1394 282 1464 falsa
301 1415 494 1466 summorum
521 1399 854 1484 celeberrimorumque
870 1401 1081 1487 philosopho*

151 1533 220 1583 rum
235 1515 361 1598 placita.
386 1516 468 1581 .Sed
488 1516 521 1581 id
546 1517 640 1585 nobis
659 1517 812 1600 agendum
833 1530 904 1602 est,
927 1530 966 1584 ut
982 1517 1103 1608 disce*¹¹

151 1650 222 1699 mus
246 1631 285 1698 ab
307 1632 370 1698 illis
390 1632 610 1716 philosophiae
627 1632 832 1715 auctoribus,
854 1616 931 1717 quid
946 1630 989 1698 sit
1007 1631 1083 1716 phi:

152 1746 321 1832 losophia,
343 1768 409 1832 quo
430 1751 584 1832 pertineat
601 1749 756 1830 maxime,
777 1747 903 1833 quasit
923 1748 1082 1815 tractanda

152 1867 291 1935 ratione:
324 1881 392 1933 tum
426 1886 502 1933 vero
534 1885 642 1932 eorum
673 1865 777 1934 s'ecuti
814 1867 1016 1950 exernplum4
1048 1876 1083 1931 ca

152 1985 308 2069 eleganter
335 1983 595 2066 philosophemur
618 1982 711 2059 simul
742 1996 776 2048 et
806 1980 987 2063 subtiliter,
1000 1993 1088 2061 pun·

154 2117 284 2185 tamque
309 2099 481 2166 evidentiae
500 2114 533 2166 et
554 2096 799 2184 popularitatis,
830 2111 981 2182 quantam·
1000 2096 1089 2165 inte·

154 2217 246 2285 rioris
267 2215 519 2300 disquisitionis,
541 2215 901 2285 rationemzhabeamusa
921 2230 1085 2284 carmus

153 2348 256 2401 autem
285 2335 484 2418 praesertim,
510 2334 599 2417 quod
628 2333 674 2398 illi
700 2347 851 2400 caveram
878 2330 1087 2417 prudentissi·

154 2464 227 2530 mc‚'
249 2468 290 2516 ne
311 2450 448 2514 hominis
467 2450 624 2513 externam
645 2449 714 2512 sive
740 2449 908 2530 physicam
930 2436 1085 2514 conditio·

154 2582 226 2632 ncm
247 2565 444 2645 exploremus
477 2561 589 2628 unice:
619 2580 685 2644 quo
716 2561 773 2645 lit,
794 2536 831 2629 ut
856 2562 1010 2628 excellens
1033 2580 1086 2629 na·
1200 2600 1201 2610 κ

155 2697 249 2760 tura,
270 2679 364 2745 tantis
382 2680 534 2744 instructa
557 2679 686 2744 dotibus
709 2693 741 2745 et
765 2680 992 2762 facultatibus,
1006 2680 1087 2748 rbesr·

154 2795 214 2862 tiae
237 2794 330 2861 nobis
357 2793 453 2860 instar
478 2795 644 2878 videamr3
679 2796 733 2861 sed
752 2797 913 2864 hominem
940 2798 1087 2866 conside

153 2931 261 2989 ,remus
287 2926 412 2993 totum,
434 2930 567 2995 quoque
591 2913 635 2978 sit
654 2915 713 2977 sud
740 2913 814 2996 ipse·
827 2916 939 2997 naturl¹
961 2931 994 2981 et
1016 2917 1088 2998 pul·

108 3011 110 3015 ¹
155 3028 216 3096 cri·
233 3043 266 3095 et
291 3028 356 3096 veri
392 3040 423 3094 et
454 3027 556 3113 justi,
579 3028 642 3095 imo
666 3048 741 3096 vero
770 3031 1009 3098 immortalitatis
1040 3051 1088 3101 re·

155 3162 290 3230 rumque
306 3145 480 3213 divinarum
502 3145 608 3211 studio
632 3160 665 3212 et
694 3148 816 3214 ardore.
860 3148 922 3216 His
937 3150 1087 3235 primun

155 3262 312 3346 perceptis
342 3280 504 3347 germanae
533 3263 753 3346 philosophiae
790 3264 979 3352 principiis,
998 3292 1000 3297 ’
1020 3281 1088 3338 tum

155 3386 253 3459 porro
276 3377 384 3444 licebit
408 3378 502 3445 nobis
527 3395 568 3443 ex
598 3379 761 3462 praeclaris
796 3379 951 3462 prolicere
984 3402 1091 3452 reectu-

156 3493 249 3560 tioris
273 3493 342 3559 aevi
363 3492 529 3574 inventis,
574 3508 611 3560 ut
640 3511 660 3559 e
682 3512 758 3562 suae
785 3496 894 3563 aetatis
930 3499 1091 3586 priscique

155 3609 272 3680 saeodi
292 3608 429 3677 inventis
451 3608 516 3692 ipsi
532 3607 737 3694 profecerunt
762 3613 910 3681 Socrates
931 3631 964 3684 et
984 3615 1088 3687 Plato.

155 3727 209 3795 Sic
238 3742 360 3807 autem,
393 3740 424 3792 et
462 3727 519 3793 hac
557 3746 620 3794 una
653 3729 794 3812 ratione,
824 3732 864 3798 ad
891 3751 1090 3805 communem

115 3851 116 3854 ’
158 3845 280 3927 generis
308 3844 434 3917 humani
455 3845 586 3913 salutem
607 3846 840 3932 philosophiam
854 3850 1088 3922 adhibebimus.

160 3956 242 4038 Nam
262 3961 305 4029 ita
325 3960 471 4044 profecto
492 3983 528 4031 se
549 3981 597 4031 res
621 3964 730 4032 habet:
754 3965 848 4035 decet
867 3967 1114 4058 phllosophiam.

637 4115 640 4119 *
1032 4106 1092 4151 non
