2992 5220
808 425 980 503 ..48-

437 621 571 682 mosne,
613 615 648 667 ut
683 600 773 683 pueri
804 618 845 666 nc
873 599 1055 665 verberibus
1093 599 1259 680 quidema
1288 621 1363 671 con·

436 716 622 802 templandis
666 717 759 783 rebus
805 714 1086 800 perquirendisque
1124 714 1361 785 deterreantur?

436 850 473 902 nt
497 835 582 920 pulsi
605 834 762 915 requirant
784 846 817 900 et
853 830 973 913 aliquid
1002 831 1084 899 scire
1112 851 1147 899 se
1185 833 1364 916 gaudmnti

436 967 474 1019 ut
503 952 572 1019 aliis
601 969 721 1020 unrare
750 948 913 1034 gestiant?
943 960 979 1011 ut
1000 949 1139 1031 pompa,
1168 947 1249 1014 ludis
1269 963 1366 1033 atque

437 1067 592 1154 ejusmodi
624 1066 808 1151 spectaculis
838 1079 1023 1145 teneantur,
1057 1064 1099 1130 ob
1141 1082 1274 1149 eamque
1299 1048 1375 1134 rem*
1404 1120 1408 1125 .

437 1186 488 1252 vel
518 1183 630 1251 famem
661 1196 693 1250 et
722 1183 804 1248 sitim
828 1179 1013 1265 perferant?
1044 1180 1131 1267 Quid
1159 1182 1264 1250 verni
1299 1179 1365 1272 Q'ui

437 1301 581 1387 ingenuis
614 1298 728 1365 studiis
758 1312 853 1380 atque
873 1296 991 1362 artibus
1021 1297 1238 1378 delectantur,
1258 1318 1367 1369 nonne

438 1419 604 1496 videmus,
625 1434 681 1482 eos
702 1432 760 1481 uec
780 1413 968 1480 valetudinis
990 1431 1048 1480 nec
1067 1413 1112 1480 rei
1130 1413 1291 1481 familiaris
1310 1416 1365 1483 ha·

437 1523 514 1602 here
532 1533 710 1601 rationem?
728 1531 895 1613 omniaque
908 1530 1049 1614 perpeti,
1064 1531 1133 1614 ipsi
1142 1532 1365 1615 cognitioneet

439 1654 570 1723 scientia
597 1650 729 1734 captos?
752 1663 785 1714 et
804 1667 875 1713 cum
892 1646 1032 1713 maximis
1052 1647 1136 1714 curis
1154 1662 1186 1715 et
1205 1650 1365 1717 laboribus

438 1786 641 1852 compensare
662 1785 750 1847 eam,
767 1782 860 1847 quaur
878 1781 917 1830 ex
935 1763 1083 1829 discendo
1094 1765 1216 1847 capiant
1228 1813 1241 1848 ,
1252 1767 1367 1852 volup·

437 1885 584 1954 tateml”
605 1884 637 1929 ‘¹‘
658 1884 853 1972 Quamquam
866 1881 1043 1948 Academici
1059 1881 1106 1946 illi
1122 1895 1244 1951 veteres
1267 1897 1299 1950 et
1307 1884 1367 1951 Pe·

439 2004 593 2089 ripatetici
620 2023 708 2084 uon,
737 2017 773 2068 ut
798 2002 911 2083 Plato,
942 1999 1017 2067 haec
1047 2000 1151 2065 omnia
1179 2018 1218 2067 ex
1255 1975 1366 2068 natura

439 2123 554 2191 amoris
580 2121 784 2206 repetierunt.
828 2119 887 2200 Id,
918 2119 945 2184 si
975 2117 1052 2198 quid
1088 2115 1196 2198 aliud,
1230 2116 1369 2183 Platoni·

442 2257 514 2304 curu
544 2251 616 2316 est,
646 2251 893 2319 expressumque
933 2231 1167 2298 inPhaedone.
1221 2228 1368 2299 Philoso-

441 2354 526 2438 phos
558 2352 620 2418 illic
644 2351 687 2418 ait
718 2369 757 2417 eo
800 2349 873 2417 duci
907 2348 1117 2433 cognoscendi
1158 2348 1291 2431 ardore,
1331 2367 1368 2420 ut

442 2486 586 2535 mortuos
599 2484 735 2552 seesse‚
748 2486 841 2550 quarn
853 2465 959 2532 vivere
977 2464 1096 2532 malint.
1127 2465 1210 2534 Nam
1228 2465 1311 2536 ferre
1331 2468 1369 2537 il·

441 2591 492 2656 los
513 2588 667 2666 moleste,
688 2605 797 2652 verum
818 2603 877 2664 se,
898 2585 989 2668 cujus
1005 2586 1131 2652 ardente
1151 2586 1281 2670 flagrant
1300 2601 1369 2654 stu·

441 2706 517 2784 dio,
539 2704 572 2769 in
607 2703 664 2766 hac
687 2702 811 2783 quidem
842 2700 907 2766 vita
928 2702 1053 2782 assequi
1081 2718 1146 2765 non
1174 2719 1289 2784 posse,
1312 2703 1369 2768 im-

443 2820 568 2904 peditos
603 2816 723 2899 quippe
753 2813 896 2898 corporis
928 2814 1085 2896 vinculis,
1118 2817 1150 2883 in
1177 2835 1266 2899 quo,
1293 2831 1371 2885 tarn-

444 2955 538 3022 quam
567 2935 600 3001 in
632 2949 778 3012 carcere,
800 2931 941 3015 deguntc
963 2948 1163 3000 contemnere
1179 2933 1273 3016 igitur
1288 2953 1373 3001 mot·

443 3071 529 3135 tem,
557 3052 620 3119 imo
640 3069 715 3117 vcro
735 3062 866 3114 mortetn
895 3063 1063 3132 expetere,
1096 3068 1162 3132 quo
1191 3050 1371 3134 doctrinas,

446 3189 524 3255 quas
552 3168 644 3234 unice
669 3181 793 3246 amant,
822 3178 978 3248 tamquam
1006 3164 1130 3234 delicias
1156 3185 1230 3233 suas
1260 3183 1293 3235 et
1315 3189 1374 3236 vo·

444 3293 602 3375 luptates‚
624 3286 720 3353 libere
744 3298 893 3365 totasque
911 3283 1147 3366 amplectantur.
1191 3283 1278 3351 Haec
1295 3303 1372 3352 vero

445 3408 539 3475 unius
567 3419 617 3474 est
640 3403 752 3471 amoris
784 3399 861 3480 his,
895 3400 981 3482 quod
1014 3401 1170 3485 eleganter
1198 3420 1294 3489 supra
1311 3423 1378 3473 me·

444 3523 577 3592 muravit
597 3521 767 3590 Phaedrus.
813 3519 975 3602 Orpheum
996 3520 1195 3604 reprehendit
1218 3524 1306 3605 quod
1328 3525 1376 3590 vi·

447 3659 508 3709 vus
543 3656 673 3704 uxorem
706 3655 744 3703 ex
779 3654 854 3703 orco
886 3639 1033 3704 reducere
1064 3639 1207 3721 studuit,
1241 3655 1373 3706 mortem

447 3774 507 3844 pro
539 3769 574 3821 ca
609 3753 716 3820 subire
753 3771 819 3820 non
855 3754 1025 3820 sustinuit:
1069 3755 1130 3820 hoc
1171 3755 1254 3821 enlm
1284 3756 1376 3822 unice

1264 3893 1377 3941 aman·

483 3987 525 4060 (ι)
545 3984 589 4041 υ,
606 3981 667 4036 rin.
685 3981 721 4034 v.
740 3984 780 4035 cn
1362 3952 1366 3960 ’
