2992 5220
670 404 845 521 ...4⁶4

294 622 336 699 ita
364 641 463 690 annus
490 638 538 690 est
568 624 677 689 solaris
697 623 763 688 sive
784 627 934 708 temporis
962 633 1152 710 supputandi
1168 649 1221 698 vo

293 759 327 806 ra
347 740 451 822 rado,
482 742 571 825 cujus
599 738 720 805 inventi
748 760 944 828 permagnam
971 763 1042 811 esse
1070 745 1103 809 in
1134 748 1221 812 omni

290 857 376 925 uitae
401 879 462 926 usu
487 873 519 924 et
542 859 727 927 omonomia
757 859 820 925 vim
851 875 884 927 et
914 861 1148 944 efficacitatem,
1169 882 1221 928 res

289 973 358 1060 ipsa
373 974 534 1055 loquitur.
578 975 650 1040 Nos
681 994 757 1042 vero
788 990 893 1043 tantos
924 977 1050 1061 facete,
1084 994 1220 1062 quantos

288 1072 440 1171 iacintus,
463 1090 497 1154 in
519 1092 779 1176 mathematibus,
800 1095 833 1158 ln
863 1097 1076 1179 astronomia,
1097 1096 1131 1162 in
1157 1115 1225 1162 me-

288 1207 414 1275 murtea
446 1223 478 1277 et
512 1209 712 1294 navigatione
739 1228 949 1294 progressus,
983 1233 1048 1296 quo
1073 1233 1222 1296 umquam

288 1326 384 1400 modo
411 1325 649 1409 potuissemus,
671 1328 734 1394 nisi
759 1346 815 1408 per
844 1329 965 1397 Arabes
993 1331 1223 1411 accepissemus

286 1437 473 1510 exoriente
506 1461 708 1509 numerorum
735 1422 851 1524 notas,
890 1443 1094 1528 algebroicam
1129 1445 1224 1511 ratio·

285 1580 380 1642 noan,
411 1578 499 1625 acum
532 1556 711 1638 nauticam,
741 1558 799 1625 alia
832 1559 953 1626 multal
995 1559 1128 1627 Graecis
1153 1579 1220 1627 non

284 1677 384 1742 defuit
403 1675 529 1756 quidem
547 1673 726 1740 inveniendi
741 1675 912 1761 sagacitas,
935 1678 991 1744 sed
1007 1679 1223 1768 philosophari

283 1791 451 1878 inprimis
479 1791 519 1859 de
547 1791 643 1858 nullis
673 1810 738 1857 non
771 1794 866 1860 rebus
885 1795 1015 1877 placuit.
1059 1795 1220 1861 Arithme-

282 1913 377 1979 tinam
399 1925 435 1978 es
464 1909 695 1977 Geometricam
726 1927 791 1977 non
820 1926 857 1977 ut
882 1911 1057 1994 antiquitus
1085 1913 1221 1997 Aegyp·

280 2029 319 2097 tii
343 2045 376 2101 et
406 2043 517 2114 postea
541 2028 681 2096 Romani
699 2024 752 2106 ω,
799 2030 981 2101 numerandi
1007 2028 1221 2113 metiendique

280 2149 417 2217 utilitate
444 2160 651 2241 censuerunt,
684 2146 741 2212 sed
767 2164 915 2213 numeros
940 2147 979 2211 ad
1010 2148 1139 2225 Deum,
1176 2147 1215 2210 ad

271 2260 441 2348 animum,
471 2266 510 2331 ad
538 2279 663 2347 tempus
689 2262 750 2326 sibi
779 2260 1073 2342 repraesentandum
1098 2279 1216 2324 rerum·

281 2403 346 2467 que
385 2384 472 2449 initia
503 2377 681 2460 explicanda
717 2373 950 2441 adhibuerunt:
993 2376 1213 2443 astronomiam

279 2519 381 2579 vero,
414 2515 506 2578 quam
534 2491 731 2557 observando
765 2490 929 2557 orientales
951 2490 1091 2559 advitae
1120 2513 1215 2559 usum

280 2630 354 2699 apte
379 2624 568 2691 tractarunt,
600 2607 833 2693 philosophicis
861 2610 1017 2693 complexi
1045 2625 1120 2676 sunt
1138 2630 1224 2687 con·¹

280 2727 551 2814 templationibus.
597 2727 774 2808 Ordinem,
807 2742 843 2794 ut
870 2728 933 2792 hoc
956 2742 1049 2807 utar,
1072 2729 1104 2791 in
1133 2730 1216 2793 side·

278 2846 388 2928 ribus,
410 2846 442 2911 in
461 2846 651 2929 planetarum
672 2842 810 2906 motibus
827 2859 858 2905 et
876 2857 1090 2924 cometarum,
1113 2863 1211 2926 quum

277 2985 344 3031 non
368 2977 530 3032 cernerent
558 2961 685 3042 oculis,
707 2959 763 3024 sed
794 2951 1018 3024 desiderarent
1032 2974 1134 3026 tamen
1164 2980 1212 3028 re-

281 3084 507 3167 quirerentque
526 3094 660 3160 mente,
696 3078 781 3141 hunc
809 3075 905 3160 igitur
935 3076 1063 3160 ingenio
1093 3077 1214 3165 fingen-

277 3215 326 3266 tes
354 3204 551 3266 harmoniam
578 3209 756 3276 vocarunt‚
778 3196 871 3261 ducta
895 3215 913 3261 a
935 3197 1055 3264 musica
1084 3218 1213 3283 compa-

276 3313 418 3392 ratione,
441 3313 473 3377 in
492 3331 554 3392 qua
586 3329 688 3376 rerum
717 3314 859 3395 quamvis
886 3314 1084 3383 dissimillum
1116 3331 1212 3395 atque

276 3444 312 3496 ut
342 3428 466 3494 videtur
502 3428 750 3511 contrariarum,
792 3446 842 3499 est
873 3447 975 3498 umen
1016 3428 1208 3510 concordia,

275 3560 474 3630 concentus,
517 3547 608 3613 ordo.
674 3547 752 3615 Nati
790 3556 876 3616 erant
905 3550 944 3610 ad
972 3544 1209 3630 philosophiam

187 3654 196 3673 “
274 3662 410 3746 Gneei,
437 3682 567 3749 quoque
593 3665 741 3731 ardebant
769 3660 945 3742 inquirendi
975 3663 1104 3746 studio,
1126 3667 1211 3734 haud

273 3780 437 3847 cessabant
480 3780 762 3862 philosophando,
805 3776 906 3842 donec
942 3790 1053 3847 rtrum¹
1083 3802 1208 3849 caussas

1135 3915 1205 3964 srve

311 4032 352 4104 (ι)
372 4029 433 4086 cic.
449 4027 532 4081 Ture.
552 4025 665 4095 Quaene.
683 4029 708 4082 1.
725 4028 759 4083 C·
776 4047 804 4083 a·
838 4055 840 4061 ¹
