2992 5220
520 504 566 522 -
591 446 720 569 ¹4⁹.-

147 651 210 716 sed*
228 665 311 729 nos,
342 665 383 714 ne
408 649 440 714 in
474 648 545 732 ipso
567 649 736 734 iudicando
764 651 865 732 iniqui
895 654 1016 733 simus,
1051 653 1083 720 id

142 764 337 833 attendamus
373 763 555 849 diligenter,
585 769 744 850 praeclaro
771 769 917 834 eundem·
932 768 1079 852 proposi-

92 948 95 955 ,
139 893 175 944 to
212 879 287 945 haec
324 897 407 945 nova
446 879 549 948 fuisse
585 884 755 965 molitum,
787 904 844 951 nec
865 904 942 951 vero
968 883 1074 951 fructu

139 998 208 1082 ejus
244 996 346 1063 studia
379 998 531 1065 caruisse.
586 999 735 1066 Diximus
766 1002 807 1067 de
833 1001 966 1068 Luciani
992 1001 1071 1068 tlio·

134 1132 270 1197 rumque
293 1112 601 1196 Graecorum,.tum
630 1118 721 1183 etiam
743 1120 783 1184 de
814 1119 980 1187 Ciceronis
1003 1119 1069 1185 dia·
1173 1157 1177 1172 ·

133 1231 237 1318 logis,
259 1244 317 1312 ut,
349 1231 494 1300 instituta
523 1235 779 1316 comparatione,
802 1234 892 1302 dotes
920 1236 1067 1301 virtutes·

133 1365 198 1433 que
223 1347 364 1416 Platonis
391 1367 658 1434 cognoscerentur
695 1352 881 1418 accuratius.
935 1351 972 1417 In
1001 1369 1065 1434 qua

130 1466 353 1549 disquisitione
380 1465 507 1532 illorum
550 1467 623 1533 item
653 1468 744 1534 dotes
782 1467 983 1550 virtutesque
1007 1486 1062 1538 ex·

127 1584 334 1671 ploravimus.
390 1582 514 1670 Quodsi
544 1602 636 1664 nos,
676 1584 723 1649 sic
762 1582 926 1668 exposita
945 1582 1061 1668 dialogi

128 1699 280 1768 Platonici
299 1705 434 1779 naturl,
456 1720 552 1783 porro
571 1702 705 1767 velimus
729 1719 901 1783 quaerere,
923 1698 1059 1783 quidilli

126 1817 166 1884 td
184 1812 529 1900 scribendosdialogos
541 1816 662 1881 Platoni
684 1817 867 1897 debuerint,
890 1816 973 1902 haud
989 1814 1057 1883 fru-

126 1947 190 2000 stra
201 1949 277 1998 sane
288 1931 377 1997 hicce
392 1948 476 1995 nova
492 1931 543 1995 illa
553 1930 718 1995 scribendo
737 1933 867 1997 molitus
884 1933 1052 2001 videbitur.
1117 1938 1121 1947 '

126 2098 153 2132 ‚‚
175 2049 335 2119 Credibile
362 2063 435 2127 est,
455 2047 499 2112 ait
534 2046 824 2132 wyttenbachius,
855 2049 916 2132 jam
951 2047 1053 2130 ipsius

46 2181 50 2189 '
122 2166 263 2236 Platonis
292 2178 393 2232 aetate
420 2163 586 2232 lectionem
607 2163 760 2230 librorum
786 2166 857 2250 ejus
875 2163 1054 2248 frequenta·

122 2301 184 2352 tam
213 2285 347 2350 multum
376 2281 512 2347 valuisse
538 2281 575 2347 ad
590 2282 829 2361 conversionem
851 2281 965 2348 veteris
995 2301 1051 2349 ro·

121 2400 280 2481 moediae,
322 2413 359 2464 ut
388 2400 434 2462 sal
471 2397 619 2477 AttIcus,
660 2416 755 2479 quem
789 2397 920 2483 Eupolis
956 2413 1053 2483 atque

121 2519 273 2587 Cratinus
284 2514 566 2602 Aristophanesque
570 2518 680 2602 podiae
692 2560 704 2594 ,
716 2553 759 2568 -
772 2514 876 2600 Atque
884 2515 963 2594 aiii,
976 2535 1053 2600 quo·

117 2654 190 2701 rum
209 2631 363 2702 comoedia
383 2634 490 2720 prisca
514 2635 656 2700 virorum
669 2644 735 2712 esa,
760 2669 805 2685 -
825 2635 958 2698 multum
980 2632 1049 2716 qui·

117 2755 187 2820 dem
217 2765 251 2819 et
278 2769 400 2831 acrem,
433 2749 489 2816 sed
517 2747 626 2815 acerba
651 2749 808 2816 suffusum
840 2749 927 2831 bile,
960 2768 1048 2836 gere-

119 2870 216 2968 bant,
259 2866 407 2952 paulatim
448 2885 503 2949 pcr
538 2867 657 2935 mediae
697 2872 807 2952 poitas
844 2866 1050 2948 comoediae,

116 3000 185 3051 tum
212 3003 314 3051 novae
343 2983 376 3049 in
404 2983 514 3066 primis
542 2983 775 3065 Menandrum,
797 2985 904 3051 abhis
925 2983 1062 3052 labibus·

114 3117 325 3189 purgaretur,
357 3116 389 3168 et
416 3103 454 3188 ad
483 3121 657 3187 germanam
688 3103 822 3170 Atticam
842 3100 1046 3170 festivitatem

114 3221 359 3304 elegantiamque
398 3218 628 3299 redigeretur.”
659 3216 691 3261 (¹)
744 3194 881 3286 Constat
915 3236 1044 3301 autem,
1073 3240 1076 3245 ·

113 3336 252 3401 colorent
276 3333 314 3398 ab
338 3350 377 3397 eo
406 3332 559 3409 duxisse,
591 3346 751 3413 quotquot
780 3347 857 3415 post
883 3351 953 3398 eum
979 3334 1045 3398 dia·

111 3453 204 3537 logos
235 3447 451 3531 scripserunt,
483 3445 681 3511 Plutarchum
708 3446 901 3528 praecipue,
940 3446 1045 3512 Plato·

109 3569 160 3636 nis
183 3564 450 3644 amantissimum,
474 3561 584 3644 ipsum.
600 3561 674 3627 item
696 3561 870 3630 Lucianum
893 3562 925 3628 in
944 3563 1044 3646 scrip·

109 3690 151 3755 tis
179 3684 390 3771 quibusdam,
412 3695 479 3748 turn
498 3697 574 3745 vero
599 3680 808 3759 Ciceronem,
832 3679 911 3760 qui,
934 3699 1042 3761 quam·
1148 3717 1153 3725 ·

110 3803 161 3868 vis
187 3797 604 3871 se·seriberenristote1eo
630 3814 718 3863 more
748 3776 883 3879 diceret,
907 3813 1042 3881 quanto·
1110 3858 1113 3865 Α

983 3932 1039 3997 pe-

142 4049 184 4120 (ι)
205 4049 292 4119 Epiri.
315 4048 395 4120 Spar.
416 4068 476 4108 nco
496 4067 598 4122 prram.
614 4067 643 4121 p.
662 4028 771 4108 xliv.
849 4064 855 4075 ·
