2992 5220
646 468 841 572 uror-

239 754 240 758 ,
275 692 338 764 t'i'uu
363 692 495 780 ipimus·
536 724 581 743 -
620 686 683 755 sai
708 688 808 769 illuc,
840 709 856 751 0
890 683 1031 760 Glauco,
1070 697 1208 771 specim

278 824 408 899 oportet.
431 837 477 857 ·-
504 804 570 892 Quo
600 805 750 872 tandem?
772 840 816 856 -
835 802 876 866 In
898 804 1021 889 ipsura,
1052 822 1132 886 quae
1158 804 1208 863 irt-

275 942 319 992 cst
355 929 458 991 aromo
486 924 709 1012 philosophiam
745 937 776 986 et
804 919 914 1009 qualia
949 921 1034 996 rint,
1076 936 1207 1003 quorum

273 1045 397 1108 aremus
417 1039 568 1107 desiderio
590 1056 714 1107 tenetur
735 1036 781 1123 0²,
827 1037 930 1120 Cujus
948 1034 1060 1101 moniti
1078 1034 1106 1097 si
1124 1051 1208 1097 nune

276 1157 404 1238 quidem
434 1158 568 1224 lectores
599 1157 664 1222 vim
690 1175 726 1221 uc
750 1152 948 1237 propositum
979 1167 1209 1235 perceperunt,

276 1276 327 1340 vel
354 1276 415 1339 hoc
445 1291 508 1339 uno
536 1292 596 1338 uos
628 1270 811 1357 putabimus
837 1287 950 1353 operae
976 1268 1109 1350 pretium
1136 1267 1212 1332 scri-

278 1388 383 1456 bendo
416 1388 543 1456 fecisse.
610 1388 771 1473 Sophistis
809 1386 993 1467 reliquimus
1027 1400 1088 1449 erm
1117 1385 1210 1469 hujus

278 1523 372 1584 quam
404 1506 520 1573 veteris
549 1506 640 1588 aevi,
680 1520 717 1572 ut
747 1520 894 1572 externos
921 1519 994 1570 ante
1020 1503 1125 1568 omniu
1153 1503 1211 1565 ho·

276 1621 369 1687 minis
397 1640 509 1689 seusus
542 1625 761 1705 explorarent:
807 1641 867 1688 nos
895 1622 980 1687 haud
1008 1634 1212 1686 contemnen-

278 1738 337 1803 dos
361 1736 434 1801 illos
456 1737 624 1814 duximus,
647 1739 703 1800 sed
725 1740 866 1805 internos
890 1738 1053 1805 maluimus
1077 1738 1211 1821 primum

278 1852 458 1932 attendere,
491 1868 527 1916 ut
554 1852 633 1916 hanc
649 1852 891 1935 ¹perciperemus
914 1856 1090 1934 continuo,
1120 1872 1213 1938 quem

280 1970 368 2037 Pluto
396 1982 513 2048 vocat,
556 1979 611 2046 τῆς
644 1979 749 2053 ψυχῆς
783 1973 991 2053 Φιλοσοφίαν,
1033 1985 1216 2051 peteretque

282 2084 399 2166 uobis,
422 2084 525 2167 qualia
552 2084 672 2150 animus
703 2099 841 2169 appetat.
895 2085 987 2151 Licet
1013 2085 1106 2150 uobis
1134 2105 1215 2151 non-

282 2202 381 2283 dum,
403 2220 484 2283 quae
504 2202 557 2268 isti
584 2201 772 2267 invenerunt
801 2201 1012 2286 explorando,
1042 2220 1116 2268 cum
1139 2221 1214 2267 nos.-

283 2318 339 2382 tris
370 2317 508 2382 inventis
538 2334 740 2401 comparare:
780 2337 850 2383 uam
875 2319 907 2383 in
930 2317 1090 2401 principiis
1113 2338 1216 2405 uersu¹

282 2451 353 2501 mur
382 2433 571 2500 etiamnunc.
616 2433 839 2499 Verumtamen
868 2435 943 2516 quid
976 2432 1067 2500 fateri
1093 2435 1216 2500 dubito·

283 2568 377 2631 mus,
409 2549 491 2615 viam
523 2548 616 2614 nobis
643 2565 806 2629 nostram,
829 2568 921 2631 quarn
952 2540 1121 2629 inivimus,
1144 2569 1215 2633 per·

284 2684 378 2750 quam
411 2665 555 2749 placere?
598 2665 681 2730 Nam
711 2665 756 2730 sic
781 2663 927 2748 profecto
961 2669 1122 2749 explorare
1151 2670 1216 2732 ani·

283 2802 370 2850 mum
400 2799 543 2851 nostrum
574 2800 613 2848 erc
643 2784 710 2866 ejus
736 2782 849 2849 studiis
878 2782 1135 2866 appetitibusque
1162 2802 1217 2849 nr·

283 2898 463 2980 muralibus,
485 2916 524 2964 ex
548 2898 679 2981 propriu
701 2899 761 2983 ipsi
787 2901 1014 2984 philosophia,
1037 2920 1128 2983 quum
1157 2923 1215 2985 up·

282 3016 358 3082 tima
387 3034 532 3098 quaeque
560 3013 724 3098 referunt,
746 3018 876 3100 quaein
901 3018 1001 3083 lucem
1019 3017 1146 3100 emisit,
1164 3019 1217 3103 ju-

282 3134 420 3200 cundum
450 3133 612 3219 negotium
638 3140 709 3202 est:
752 3129 941 3218 videturque
972 3135 1004 3199 id
1028 3153 1100 3201 ante
1127 3136 1218 3201 iusti-

284 3249 462 3327 tuendum,
485 3269 577 3328 quam
607 3250 776 3313 adsensus
800 3252 993 3316 accedamus.
1037 3251 1119 3314 Nam
1140 3253 1217 3333 quid

285 3363 331 3428 iili
353 3361 506 3445 prodesse
536 3363 574 3428 ad
600 3365 854 3446 cognoscendum
884 3381 1045 3447 possunt,
1084 3367 1144 3431 nisi
1170 3369 1221 3435 in·

285 3481 328 3545 sit
357 3478 501 3558 homini,
524 3497 590 3559 quo
615 3498 670 3560 per
695 3498 775 3561 eos,
797 3495 951 3562 tamquam
979 3481 1136 3564 nuncios,
1168 3504 1221 3551 ret

289 3611 433 3664 externas
452 3596 708 3680 cognoscamus?
729 3605 808 3672 Νοῦς
829 3598 881 3683 δρᾷ
901 3602 952 3668 καὶ
970 3606 1033 3675 νοῦς
1051 3604 1220 3673 «ἐκφύει.-

286 3711 332 3780 Et
357 3731 433 3781 uero
458 3713 645 3794 exquirere,
668 3712 746 3795 quid
768 3712 888 3780 discere
904 3714 966 3794 sit,
988 3715 1065 3796 quid
1085 3717 1219 3799 docere,

287 3851 368 3914 quae
400 3832 502 3899 omnis
535 3829 577 3896 sit
603 3831 801 3912 eloquentiae
832 3831 1077 3913 scriptionisque
1102 3833 1220 3916 optima

1177 3969 1223 4014 η,
1260 3978 1265 3985 .

324 4080 365 4152 (ι)
384 4081 452 4152 nep.
471 4081 508 4136 Χ.
527 4081 587 4138 611.
606 4084 643 4136 D.

742 4184 772 4253 L
