2992 5220
790 494 989 553 ..104-

431 670 535 731 mum,
558 654 596 717 ad
618 670 708 735 quent
731 651 865 719 animum
885 655 1011 738 erigens
1033 672 1158 733 mcum,
1182 652 1208 716 si
1227 652 1265 716 ab
1286 651 1356 735 ipso

424 743 512 831 ‘recte
534 770 638 833 cultus
665 768 893 850 institutusque
914 770 1122 852 probaretur,
1146 770 1280 848 scirem,
1302 768 1360 832 mi·

412 880 654 961 'hi’sufficere,
686 902 742 948 nec
770 885 827 949 alia
855 905 937 969 opus
970 904 1038 951 esse
1067 885 1281 968 probatione?
1314 919 1360 935 -

430 998 590 1086 Quorsum
623 1001 718 1078 haec,
742 1020 761 1064 o
783 1002 953 1068 Socrates?
979 1038 1025 1055 -
1051 1005 1159 1068 Dicam
1187 1002 1244 1066 tibi
1272 1000 1361 1080 cqui-

430 1116 518 1181 dem:
543 1135 656 1200 nempe
682 1116 837 1197 arbitror,
860 1138 930 1183 cunr
962 1134 992 1183 te
1017 1136 1128 1183 nactus
1156 1117 1287 1197 fuerim,
1311 1133 1362 1181 me

426 1234 490 1317 jam
506 1233 709 1298 desideratum
728 1233 811 1296 istud
828 1234 987 1315 negotium
999 1235 1167 1299 invenisse.
1190 1268 1236 1286 —-
1257 1233 1359 1318 Quam

431 1348 473 1414 ob
503 1349 669 1413 caussam?
691 1383 737 1399 -
759 1347 831 1411 Scio
859 1347 1051 1426 scilicet,si
1079 1347 1202 1428 quidem
1228 1362 1262 1411 tu
1283 1347 1360 1411 mihi

431 1463 600 1529 assenseris
627 1464 665 1527 de
699 1463 760 1543 iis,
804 1482 883 1543 quac
911 1465 1031 1528 animus
1061 1483 1147 1529 meus
1188 1463 1358 1545 opinatur,

430 1580 504 1645 haec
536 1581 597 1666 jam
642 1579 733 1642 unice
767 1596 838 1642 esse
874 1597 957 1642 vera.
1022 1578 1103 1643 Nam
1144 1578 1190 1642 sic
1226 1553 1359 1662 iudico,

431 1713 525 1772 eurn,
554 1696 608 1774 qui
637 1709 720 1758 recte
750 1696 840 1776 cujus
869 1693 1006 1759 animum
1037 1698 1256 1779 exploraturus
1286 1709 1360 1774 est,

431 1824 536 1874 utrum
546 1809 624 1874 bene
635 1809 719 1874 vivat
728 1829 766 1875 an
778 1812 879 1890 male,
902 1813 960 1876 tria
975 1827 1080 1878 tenere
1092 1827 1259 1896 oportere,
1282 1828 1363 1893 quae

430 1927 465 1993 in
488 1943 521 1993 te
537 1927 641 1992 omnia
659 1943 756 2006 sunt,
780 1932 961 2008 scientiam,
981 1929 1238 2009 benivolentiam,
1259 1926 1363 1993 dicen-

426 2043 466 2117 ‚dt
495 2044 683 2110 libertatem.
743 2045 778 2108 ln
809 2048 925 2110 multos
957 2046 1037 2110 enim
1067 2065 1125 2129 ego
1155 2045 1273 2123 incidi,
1307 2045 1362 2125 qui

432 2164 595 2246 explorare
613 2181 661 2224 me
684 2179 747 2224 non
767 2177 921 2242 possent,
945 2162 1029 2242 quod
1050 2181 1114 2224 non
1127 2177 1363 2242 essent,prou·

432 2281 456 2345 ti
487 2293 547 2358 tu,
568 2277 745 2360 sapientes;
767 2278 817 2343 alii
846 2280 1001 2361 sapientes
1031 2278 1154 2358 quidem
1178 2293 1273 2358 sunt,
1307 2278 1363 2342 sed

431 2397 544 2461 nolunt
573 2394 648 2459 mihi
681 2396 840 2460 veritatem
869 2395 991 2473 dicere,
1024 2395 1109 2476 quod
1140 2395 1293 2472 nonita,
1325 2407 1362 2458 ut

430 2527 493 2594 tu,
514 2531 618 2576 curam
647 2512 707 2576 mci
733 2528 857 2595 gerunt.
903 2510 1057 2593 llospites
1077 2526 1179 2585 autem
1198 2509 1255 2589 hi,
1277 2509 1363 2575 Gor-

430 2629 494 2711 gias
519 2643 551 2692 et
580 2628 699 2706 Polus,
722 2627 877 2707 sapientes
906 2628 1030 2706 quidem
1052 2643 1127 2692 sunt
1150 2628 1289 2706 mihique
1309 2627 1365 2693 be-

432 2742 563 2822 nevoli,
604 2743 660 2806 sed
700 2743 787 2807 deest
816 2743 855 2806 iis
884 2744 1006 2808 dicendi
1038 2743 1186 2824 libertas,
1226 2756 1365 2824 suntque

431 2857 695 2936 verecundiores,
740 2877 831 2937 quam
869 2858 994 2922 deccat:
1040 2877 1108 2923 narn
1139 2860 1248 2940 quidni
1274 2859 1364 2939 sint,

435 2975 555 3057 quippe
587 2974 640 3053 qui
668 2992 705 3036 eo
727 2991 948 3054 processerunt
979 2977 1204 3056 verecundiae,
1228 2993 1287 3056 ut,
1310 2996 1367 3059 per

435 3093 610 3173 pudorem,
633 3089 742 3151 audeat
767 3102 898 3167 uterquc
921 3106 1027 3153 corum
1050 3090 1176 3154 sibimet
1198 3092 1266 3172 ipsc
1287 3096 1367 3157 mul·

433 3205 476 3270 tis
504 3223 608 3268 coram
640 3202 838 3282 hominibus,
883 3203 978 3285 idque
1007 3206 1046 3270 de
1076 3206 1169 3270 rebus
1199 3207 1365 3291 maximis,

413 3322 590 3388 contraria
630 3320 744 3385 dicere.
810 3320 864 3386 Tu
903 3340 979 3387 vero
996 3396 1002 3405 ,
1020 3324 1095 3389 haec
1126 3323 1229 3390 omnia
1258 3339 1365 3409 tenes,

437 3441 551 3525 quibus
575 3437 717 3504 destituti
741 3452 815 3502 sunt
833 3436 968 3502 caeteri:
991 3457 1089 3519 esque
1117 3440 1176 3506 rite
1203 3443 1368 3522 excultus,

435 3575 472 3626 ut
501 3556 592 3622 multi
615 3555 704 3619 facile
732 3555 834 3619 dicant
862 3556 1124 3634 Atheniensium,
1147 3558 1287 3638 mihique
1315 3558 1370 3622 be·

433 3673 580 3740 nevolus.
646 3671 740 3759 Quod
776 3691 836 3751 qua
870 3671 928 3733 sim
965 3673 1147 3753 conjectura
1178 3684 1366 3753 assecutus,
1444 3668 1449 3679 '

433 3790 546 3856 dicam.
586 3788 656 3851 Vos
677 3806 769 3866 esse,
794 3786 963 3864 Callicles,
986 3786 1062 3849 novi
1084 3799 1220 3864 quatuor
1241 3783 1367 3865 sapien·

434 3908 496 3973 tiae
515 3905 650 3980 socios,
681 3918 733 3982 te,
765 3902 950 3967 'Pisandrum
976 3899 1218 3980 Aphidnacum,
1242 3898 1368 3964 Andro·

433 4043 504 4096 nem
527 4019 758 4101 Androtionis‚
781 4015 992 4098 Nausieydem
1019 4015 1243 4095 Cholargcurn.
1277 4017 1367 4084 Clam

1312 4151 1367 4199 au·

1434 3870 1446 3903 Q
