2992 5220
476 430 694 517 ’-45-

143 619 298 711 quoddam
319 615 493 701 negotium,
524 615 586 680 siue
604 611 642 674 id
658 615 781 675 animur
807 612 870 676 siue
898 627 1074 695 quoeunque

144 736 270 806 tendent
300 734 422 800 nornine
453 726 616 796 dicendum
646 731 712 808 rie,
743 746 821 791 ann.
836 723 1078 808 contenderent,

144 876 249 942 quo,
277 867 359 939 per
399 867 552 912 sensas
593 845 736 924 nosce,
772 858 989 929 tanquan
1017 861 1078 908 or-

144 989 285 1056 gana,
328 967 912 1047 sentirenturqnoeeunque
948 981 1078 1028 sensu
1136 1024 1149 1051 ‚

143 1082 480 1174 percipiuntur.
507 1076 540 1122 (¹)
571 1076 653 1141 Nam
683 1075 729 1141 sic
755 1077 883 1142 omnino
902 1095 937 1143 se
956 1095 1006 1143 res
1025 1079 1080 1145 ha·

133 1199 223 1273 ,beta
257 1194 444 1266 admirabilis
473 1210 524 1258 est
547 1192 697 1274 quaedam
713 1191 908 1277 singulorum
929 1212 1080 1262 sensuum

150 1315 225 1395 vis,
248 1327 305 1393 ut,
319 1324 496 1394 quaeextra
515 1323 612 1390 sunt,
641 1309 725 1373 intro
747 1302 937 1375 annuncient
959 1312 1080 1395 menti3

149 1432 206 1498 sed
230 1429 292 1495 nisi
320 1446 409 1495 metus
439 1429 498 1494 sud
531 1427 599 1510 ipsa
625 1424 736 1493 naturi
769 1412 980 1511 cognoscendi
1003 1442 1087 1496 esset

150 1545 287 1632 cupida,
308 1543 412 1611 omnis
439 1557 524 1610 esset
554 1540 780 1626 supervacanea
809 1545 995 1610 nunciorum
1017 1545 1088 1612 illo·

151 1683 220 1730 rum
237 1660 408 1747 diligentia.
452 1660 548 1727 Nune
578 1679 678 1742 vero,
705 1679 775 1726 cum
806 1661 879 1728 haec
909 1661 951 1727 sit
972 1664 1084 1730 mentis

152 1781 273 1848 indoles
301 1793 334 1845 et
363 1791 494 1858 natura,
527 1790 564 1842 ut
595 1777 661 1844 veri
688 1777 883 1860 cupiditate,
916 1779 1085 1847 imovero

88 1955 90 1958 ,
155 1917 262 1963 onore
289 1897 443 1976 ducatur,
475 1894 544 1978 ipsa
573 1913 629 1977 per
657 1912 693 1960 se
714 1894 851 1975 exquirit
872 1895 995 1978 omnia,
1016 1915 1089 1965 sen·

153 2013 327 2095 sibosque,
360 2026 397 2078 ut
428 2009 592 2078 verissime
617 2009 694 2077 dicit
723 2012 833 2091 Plato,
861 2026 1016 2096 tamquam
1043 2021 1089 2100 ορ-

158 2132 261 2209 odron
293 2129 316 2194 i.
341 2143 371 2195 e'.
401 2130 618 2196 instrumentis
645 2128 683 2192 ad
700 2130 954 2213 cognoscendum
976 2129 1087 2198 utitur.
1188 2110 1192 2118 ⁵

158 2244 389 2334 Quodvidisse
406 2246 467 2330 jam
488 2259 582 2311 vetus
608 2244 821 2327 philosophus
853 2244 1000 2327 videtur,
1023 2248 1094 2314 sive

159 2361 186 2427 is
208 2365 406 2446 Anaxagoras
439 2360 509 2426 sive
525 2360 733 2443 Epicharmus
767 2361 885 2441 fuerit,
918 2382 1015 2441 quum
1045 2364 1091 2429 sic'
1177 2344 1181 2355 ⁸

160 2476 402 2561 pronunciaret:
434 2482 499 2551 νοῦς
535 2480 587 2560 ὁρᾷ
617 2478 667 2543 nel
699 2483 762 2552 νοῦς
792 2481 909 2551 eineder,
938 2480 1043 2547 τᾶλλο
1062 2485 1094 2550 tl

161 2599 253 2678 κωφοὶ
276 2596 326 2662 noel
348 2594 469 2677 τυφλοὶ.
489 2591 520 2636 (¹³
542 2588 677 2658 Animus
693 2595 818 2673 cernit,
839 2596 962 2660 animus
980 2593 1094 2679 nudie,

163 2710 288 2794 relique
309 2706 408 2774 surde
427 2722 458 2773 ee
476 2728 564 2772 coeca
586 2723 671 2773 sunt.
694 2705 726 2754 <⁸³
765 2709 809 2773 Et
835 2710 922 2793 quod
942 2712 1036 2777 modo
1055 2713 1096 2779 de

165 2824 282 2911 linguis
309 2823 538 2902 monebamus,
570 2827 741 2907 exprimere
766 2844 818 2891 eas
848 2828 996 2893 notiones
1016 2829 1096 2896 inte-

163 2941 255 3009 rioris
278 2940 440 3026 cujusdam
468 2940 706 3025 philosophiae,
740 2943 772 3008 id
798 2942 870 3011 item
895 2945 1008 3027 probat
1034 2947 1097 3013 hoc

169 3061 291 3144 ἕργοιοοο
319 3056 538 3139 Platonicum,
568 3059 805 3142 evidentiusque
833 3063 923 3129 etiarn
952 3061 1098 3147 patefacit

165 3191 307 3240 nostrum
329 3175 407 3239 llud
429 3174 468 3239 de
487 3175 634 3241 sensibus
652 3179 787 3245 externis
807 3179 994 3248 vocabulum
1007 3185 1102 3264 ,zin-

53 3369 58 3375 ι
164 3293 295 3376 rotigen,
328 3308 394 3372 quo
425 3292 518 3372 plane
552 3296 662 3358 nentis
688 3295 726 3359 ad
765 3298 1017 3380 cognoscendum
1049 3302 1100 3362 in-

1016 3427 1103 3478 iim·

170 3586 174 3590 Ι
202 3516 244 3588 (ι)
263 3515 377 3570 Thenai.
395 3516 445 3570 184
462 3517 500 3570 D.
520 3517 663 3597 Eleganter
678 3520 754 3574 Max.
771 3521 840 3591 Tyr.
858 3523 940 3577 xvi.
958 3525 983 3578 8.
1001 3527 1099 3593 peon.

165 3626 242 3688 “Are
261 3620 307 3686 οὖν
326 3621 355 3682 ἐν
375 3622 515 3693 προθύροις
537 3626 589 3691 τῆς
610 3623 708 3698 ψυχῆς
729 3629 761 3686 ai
780 3628 920 3697 aieiieeee
939 3629 1102 3702 lipouioee,

170 3736 286 3800 inradia
317 3751 394 3799 novor
425 3727 597 3803 ἕΦιίψοιντιιι
631 3732 724 3806 ἀρχῆς
754 3736 803 3792 real
824 3736 967 3808 vapulans
989 3743 1029 3812 τῷ
1048 3745 1103 3814 oq'i,

171 3841 382 3915 ῧπιλιβόμονος
407 3838 472 3908 (inr-
492 3837 505 3895 l
526 3841 602 3909 νοῦς)
625 3840 756 3908 ταύτης,
778 3840 855 3916 διορᾷ
873 3847 913 3902 οὶ
932 3848 1023 3903 horarie
1040 3861 1080 3884 ··

207 3946 247 4013 (2)
266 3939 303 3995 V.
324 3933 462 3991 Plutarch.
480 3935 514 3988 do
533 3937 612 3990 Alex.
631 3939 697 3992 virt.
726 3938 770 3993 cl.
787 3947 872 4012 wyit.
894 3941 927 3992 ad
939 3940 1107 3996 Phaedonem

176 4050 206 4112 p.
223 4038 282 4093 151.
311 4048 316 4055 '
352 4037 393 4109 (5)
413 4035 457 4090 Do
474 4034 638 4092 'l'erlullitui
655 4039 778 4099 versione
795 4040 829 4096 de
846 4045 943 4096 animo
957 4059 986 4112 p.
1003 4058 1063 4113 27¹·
