<?xml version="1.0" encoding="UTF-8"?>
<!DOCTYPE html PUBLIC "-//W3C//DTD XHTML 1.0 Transitional//EN"
    "http://www.w3.org/TR/xhtml1/DTD/xhtml1-transitional.dtd">
<html xmlns="http://www.w3.org/1999/xhtml" xml:lang="en" lang="en">
 <head>
  <title>
</title>
<meta http-equiv="Content-Type" content="text/html;charset=utf-8" />
  <meta name='ocr-system' content='tesseract 3.04.00' />
  <meta name='ocr-capabilities' content='ocr_page ocr_carea ocr_par ocr_line ocrx_word'/>
</head>
<body>
  <div class='ocr_page' id='page_1' title='image "./initiaphilosoph01heusgoog_0105.png"; bbox 0 0 2992 5220; ppageno 0'>
   <div class='ocr_carea' id='block_1_1' title="bbox 791 443 967 521">
    <p class='ocr_par' dir='ltr' id='par_1_1' title="bbox 791 443 967 521">
     <span class='ocr_line' id='line_1_1' title="bbox 791 443 967 521; baseline -0.006 -28"><span class='ocrx_word' id='word_1_1' title='bbox 791 443 967 521; x_wconf 55' lang='grc' dir='ltr'>...ἶβι-</span> 
     </span>
    </p>
   </div>
   <div class='ocr_carea' id='block_1_2' title="bbox 407 620 1399 1992">
    <p class='ocr_par' dir='ltr' id='par_1_2' title="bbox 407 620 1399 1992">
     <span class='ocr_line' id='line_1_2' title="bbox 413 620 1339 711; baseline 0 -22"><span class='ocrx_word' id='word_1_2' title='bbox 413 630 508 711; x_wconf 62' lang='grc' dir='ltr'>Μοὶ</span> <span class='ocrx_word' id='word_1_3' title='bbox 532 624 776 706; x_wconf 80' lang='lat' dir='ltr'>appellarentur.</span> <span class='ocrx_word' id='word_1_4' title='bbox 820 620 967 688; x_wconf 83' lang='lat' dir='ltr'>Socrates</span> <span class='ocrx_word' id='word_1_5' title='bbox 997 633 1102 689; x_wconf 84' lang='lat' dir='ltr'>autern</span> <span class='ocrx_word' id='word_1_6' title='bbox 1123 634 1245 687; x_wconf 80' lang='lat' dir='ltr'>tantun</span> <span class='ocrx_word' id='word_1_7' title='bbox 1263 620 1339 689; x_wconf 78' lang='lat' dir='ltr'>abe·</span> 
     </span>
     <span class='ocr_line' id='line_1_3' title="bbox 411 738 1341 824; baseline -0.006 -13"><span class='ocrx_word' id='word_1_8' title='bbox 411 757 480 824; x_wconf 85' lang='lat' dir='ltr'>rat,</span> <span class='ocrx_word' id='word_1_9' title='bbox 503 755 538 810; x_wconf 91' lang='lat' dir='ltr'>ut</span> <span class='ocrx_word' id='word_1_10' title='bbox 563 740 757 824; x_wconf 70' lang='lat' dir='ltr'>abriperetur</span> <span class='ocrx_word' id='word_1_11' title='bbox 776 738 837 806; x_wconf 89' lang='lat' dir='ltr'>boc</span> <span class='ocrx_word' id='word_1_12' title='bbox 858 739 1035 806; x_wconf 82' lang='lat' dir='ltr'>studiorum</span> <span class='ocrx_word' id='word_1_13' title='bbox 1058 757 1155 806; x_wconf 88' lang='lat' dir='ltr'>cursu</span> <span class='ocrx_word' id='word_1_14' title='bbox 1178 757 1252 806; x_wconf 85' lang='lat' dir='ltr'>cum</span> <span class='ocrx_word' id='word_1_15' title='bbox 1272 754 1341 805; x_wconf 66' lang='lat' dir='ltr'>cae·</span> 
     </span>
     <span class='ocr_line' id='line_1_4' title="bbox 409 854 1339 937; baseline -0.001 -13"><span class='ocrx_word' id='word_1_16' title='bbox 409 858 486 927; x_wconf 83' lang='lat' dir='ltr'>teris</span> <span class='ocrx_word' id='word_1_17' title='bbox 517 855 686 937; x_wconf 84' lang='lat' dir='ltr'>omnibus,</span> <span class='ocrx_word' id='word_1_18' title='bbox 716 855 984 925; x_wconf 80' lang='lat' dir='ltr'>excellentissimis</span> <span class='ocrx_word' id='word_1_19' title='bbox 1013 855 1105 923; x_wconf 88' lang='lat' dir='ltr'>etiam</span> <span class='ocrx_word' id='word_1_20' title='bbox 1130 854 1339 937; x_wconf 84' lang='lat' dir='ltr'>homiuibus,</span> 
     </span>
     <span class='ocr_line' id='line_1_5' title="bbox 411 970 1342 1058; baseline 0.005 -17"><span class='ocrx_word' id='word_1_21' title='bbox 411 989 447 1042; x_wconf 91' lang='lat' dir='ltr'>ut</span> <span class='ocrx_word' id='word_1_22' title='bbox 478 993 560 1043; x_wconf 92' lang='lat' dir='ltr'>unus</span> <span class='ocrx_word' id='word_1_23' title='bbox 594 972 804 1055; x_wconf 81' lang='lat' dir='ltr'>subsisteret,</span> <span class='ocrx_word' id='word_1_24' title='bbox 826 991 909 1042; x_wconf 90' lang='lat' dir='ltr'>unus</span> <span class='ocrx_word' id='word_1_25' title='bbox 936 972 1011 1039; x_wconf 87' lang='lat' dir='ltr'>huit</span> <span class='ocrx_word' id='word_1_26' title='bbox 1042 970 1163 1041; x_wconf 86' lang='lat' dir='ltr'>flumini</span> <span class='ocrx_word' id='word_1_27' title='bbox 1188 985 1221 1042; x_wconf 90' lang='lat' dir='ltr'>et</span> <span class='ocrx_word' id='word_1_28' title='bbox 1249 973 1342 1058; x_wconf 75' lang='lat' dir='ltr'>quasi</span> 
     </span>
     <span class='ocr_line' id='line_1_6' title="bbox 410 1090 1343 1175; baseline -0.006 -12"><span class='ocrx_word' id='word_1_29' title='bbox 410 1092 543 1163; x_wconf 72' lang='lat' dir='ltr'><strong>torrenti</strong></span> <span class='ocrx_word' id='word_1_30' title='bbox 571 1091 753 1172; x_wconf 77' lang='lat' dir='ltr'>resisteret,</span> <span class='ocrx_word' id='word_1_31' title='bbox 775 1109 857 1158; x_wconf 90' lang='lat' dir='ltr'>unus</span> <span class='ocrx_word' id='word_1_32' title='bbox 896 1091 1024 1158; x_wconf 87' lang='lat' dir='ltr'>auderet</span> <span class='ocrx_word' id='word_1_33' title='bbox 1040 1090 1253 1174; x_wconf 83' lang='lat' dir='ltr'>contendere,</span> <span class='ocrx_word' id='word_1_34' title='bbox 1270 1106 1343 1175; x_wconf 85' lang='lat' dir='ltr'>per·</span> 
     </span>
     <span class='ocr_line' id='line_1_7' title="bbox 409 1205 1343 1291; baseline -0.007 -11"><span class='ocrx_word' id='word_1_35' title='bbox 409 1209 563 1280; x_wconf 61' lang='lat' dir='ltr'>drinaum</span> <span class='ocrx_word' id='word_1_36' title='bbox 579 1227 651 1277; x_wconf 82' lang='lat' dir='ltr'>esse</span> <span class='ocrx_word' id='word_1_37' title='bbox 669 1208 714 1277; x_wconf 88' lang='lat' dir='ltr'>rei</span> <span class='ocrx_word' id='word_1_38' title='bbox 730 1206 875 1291; x_wconf 87' lang='lat' dir='ltr'>publicae</span> <span class='ocrx_word' id='word_1_39' title='bbox 894 1206 955 1272; x_wconf 86' lang='lat' dir='ltr'>hoc</span> <span class='ocrx_word' id='word_1_40' title='bbox 976 1205 1172 1289; x_wconf 81' lang='lat' dir='ltr'>eloquentiae</span> <span class='ocrx_word' id='word_1_41' title='bbox 1185 1205 1343 1288; x_wconf 80' lang='lat' dir='ltr'>studiant,</span> 
     </span>
     <span class='ocr_line' id='line_1_8' title="bbox 408 1322 1343 1410; baseline -0.006 -17"><span class='ocrx_word' id='word_1_42' title='bbox 408 1343 512 1410; x_wconf 79' lang='lat' dir='ltr'>eoque</span> <span class='ocrx_word' id='word_1_43' title='bbox 547 1323 782 1409; x_wconf 81' lang='lat' dir='ltr'>perniciosius,</span> <span class='ocrx_word' id='word_1_44' title='bbox 809 1340 876 1405; x_wconf 87' lang='lat' dir='ltr'>quo</span> <span class='ocrx_word' id='word_1_45' title='bbox 902 1322 1028 1406; x_wconf 78' lang='lat' dir='ltr'>maius,</span> <span class='ocrx_word' id='word_1_46' title='bbox 1049 1340 1116 1404; x_wconf 88' lang='lat' dir='ltr'>quo</span> <span class='ocrx_word' id='word_1_47' title='bbox 1140 1323 1343 1395; x_wconf 74' lang='lat' dir='ltr'>excelleutim</span> 
     </span>
     <span class='ocr_line' id='line_1_9' title="bbox 409 1438 1341 1524; baseline -0.005 -14"><span class='ocrx_word' id='word_1_48' title='bbox 409 1442 601 1522; x_wconf 75' lang='lat' dir='ltr'>haberetur,</span> <span class='ocrx_word' id='word_1_49' title='bbox 644 1459 727 1509; x_wconf 87' lang='lat' dir='ltr'>unus</span> <span class='ocrx_word' id='word_1_50' title='bbox 762 1440 851 1524; x_wconf 81' lang='lat' dir='ltr'>ipsos</span> <span class='ocrx_word' id='word_1_51' title='bbox 877 1438 1050 1507; x_wconf 77' lang='lat' dir='ltr'>adoriretur</span> <span class='ocrx_word' id='word_1_52' title='bbox 1077 1453 1110 1506; x_wconf 87' lang='lat' dir='ltr'>et</span> <span class='ocrx_word' id='word_1_53' title='bbox 1149 1440 1341 1524; x_wconf 72' lang='lat' dir='ltr'>demagogoe</span> 
     </span>
     <span class='ocr_line' id='line_1_10' title="bbox 408 1555 1342 1644; baseline -0.004 -18"><span class='ocrx_word' id='word_1_54' title='bbox 408 1574 442 1626; x_wconf 86' lang='lat' dir='ltr'>et</span> <span class='ocrx_word' id='word_1_55' title='bbox 469 1559 654 1644; x_wconf 88' lang='lat' dir='ltr'>sophistas,</span> <span class='ocrx_word' id='word_1_56' title='bbox 677 1575 832 1638; x_wconf 86' lang='lat' dir='ltr'>quamque</span> <span class='ocrx_word' id='word_1_57' title='bbox 848 1555 934 1622; x_wconf 83' lang='lat' dir='ltr'>innts</span> <span class='ocrx_word' id='word_1_58' title='bbox 954 1569 1061 1622; x_wconf 87' lang='lat' dir='ltr'>essent</span> <span class='ocrx_word' id='word_1_59' title='bbox 1087 1555 1175 1641; x_wconf 82' lang='lat' dir='ltr'>pravi</span> <span class='ocrx_word' id='word_1_60' title='bbox 1205 1575 1342 1641; x_wconf 88' lang='lat' dir='ltr'>corrup·</span> 
     </span>
     <span class='ocr_line' id='line_1_11' title="bbox 409 1670 1340 1758; baseline -0.004 -14"><span class='ocrx_word' id='word_1_61' title='bbox 409 1676 523 1757; x_wconf 87' lang='lat' dir='ltr'>tique,</span> <span class='ocrx_word' id='word_1_62' title='bbox 554 1673 680 1757; x_wconf 88' lang='lat' dir='ltr'>publice</span> <span class='ocrx_word' id='word_1_63' title='bbox 708 1672 854 1756; x_wconf 86' lang='lat' dir='ltr'>aperiret.</span> <span class='ocrx_word' id='word_1_64' title='bbox 900 1671 986 1752; x_wconf 90' lang='lat' dir='ltr'>Sed,</span> <span class='ocrx_word' id='word_1_65' title='bbox 1020 1671 1109 1755; x_wconf 90' lang='lat' dir='ltr'>quod</span> <span class='ocrx_word' id='word_1_66' title='bbox 1144 1672 1238 1739; x_wconf 89' lang='lat' dir='ltr'>uobis</span> <span class='ocrx_word' id='word_1_67' title='bbox 1267 1670 1340 1758; x_wconf 88' lang='lat' dir='ltr'>qui·</span> 
     </span>
     <span class='ocr_line' id='line_1_12' title="bbox 409 1787 1345 1874; baseline 0 -18"><span class='ocrx_word' id='word_1_68' title='bbox 409 1790 480 1856; x_wconf 84' lang='lat' dir='ltr'>dem</span> <span class='ocrx_word' id='word_1_69' title='bbox 520 1788 618 1874; x_wconf 85' lang='lat' dir='ltr'>magis</span> <span class='ocrx_word' id='word_1_70' title='bbox 648 1788 742 1856; x_wconf 85' lang='lat' dir='ltr'>etiam</span> <span class='ocrx_word' id='word_1_71' title='bbox 776 1788 955 1856; x_wconf 74' lang='lat' dir='ltr'>admirabile</span> <span class='ocrx_word' id='word_1_72' title='bbox 981 1790 1130 1872; x_wconf 75' lang='lat' dir='ltr'>videam,</span> <span class='ocrx_word' id='word_1_73' title='bbox 1160 1806 1245 1858; x_wconf 85' lang='lat' dir='ltr'>unus</span> <span class='ocrx_word' id='word_1_74' title='bbox 1276 1787 1345 1866; x_wconf 59' lang='lat' dir='ltr'>fult*</span> 
     </span>
     <span class='ocr_line' id='line_1_13' title="bbox 407 1897 1399 1992; baseline -0.001 -16"><span class='ocrx_word' id='word_1_75' title='bbox 407 1901 490 1976; x_wconf 80' lang='lat' dir='ltr'>idern</span> <span class='ocrx_word' id='word_1_76' title='bbox 527 1907 580 1974; x_wconf 85' lang='lat' dir='ltr'>ille</span> <span class='ocrx_word' id='word_1_77' title='bbox 616 1906 785 1988; x_wconf 81' lang='lat' dir='ltr'>Socrates,</span> <span class='ocrx_word' id='word_1_78' title='bbox 816 1906 872 1990; x_wconf 89' lang='lat' dir='ltr'>qui</span> <span class='ocrx_word' id='word_1_79' title='bbox 901 1906 984 1992; x_wconf 86' lang='lat' dir='ltr'>ipsi,</span> <span class='ocrx_word' id='word_1_80' title='bbox 1024 1927 1117 1992; x_wconf 87' lang='lat' dir='ltr'>quam</span> <span class='ocrx_word' id='word_1_81' title='bbox 1140 1920 1342 1975; x_wconf 70' lang='lat' dir='ltr'>contemnere</span> <span class='ocrx_word' id='word_1_82' title='bbox 1390 1897 1399 1907; x_wconf 75' lang='grc'><strong><em>’</em></strong></span> 
     </span>
    </p>
   </div>
   <div class='ocr_carea' id='block_1_3' title="bbox 306 2022 1342 2107">
    <p class='ocr_par' dir='ltr' id='par_1_3' title="bbox 306 2022 1342 2107">
     <span class='ocr_line' id='line_1_14' title="bbox 306 2022 1342 2107; baseline -0.004 -13"><span class='ocrx_word' id='word_1_83' title='bbox 306 2094 310 2104; x_wconf 82' lang='grc'><strong>,</strong></span> <span class='ocrx_word' id='word_1_84' title='bbox 408 2025 593 2107; x_wconf 68' lang='lat' dir='ltr'>videbam,</span> <span class='ocrx_word' id='word_1_85' title='bbox 613 2024 830 2106; x_wconf 85' lang='lat' dir='ltr'>eloquentiae,</span> <span class='ocrx_word' id='word_1_86' title='bbox 851 2045 940 2092; x_wconf 87' lang='lat' dir='ltr'>suam</span> <span class='ocrx_word' id='word_1_87' title='bbox 965 2026 1097 2093; x_wconf 85' lang='lat' dir='ltr'>maxime</span> <span class='ocrx_word' id='word_1_88' title='bbox 1114 2037 1147 2091; x_wconf 89' lang='lat' dir='ltr'>et</span> <span class='ocrx_word' id='word_1_89' title='bbox 1166 2022 1232 2091; x_wconf 84' lang='lat' dir='ltr'>vim</span> <span class='ocrx_word' id='word_1_90' title='bbox 1254 2023 1342 2090; x_wconf 86' lang='lat' dir='ltr'>iude·</span> 
     </span>
    </p>
   </div>
   <div class='ocr_carea' id='block_1_4' title="bbox 359 2139 1344 2573">
    <p class='ocr_par' dir='ltr' id='par_1_4' title="bbox 359 2139 1344 2573">
     <span class='ocr_line' id='line_1_15' title="bbox 408 2139 1339 2211; baseline 0.001 -1"><span class='ocrx_word' id='word_1_91' title='bbox 408 2157 457 2210; x_wconf 84' lang='lat' dir='ltr'>ret</span> <span class='ocrx_word' id='word_1_92' title='bbox 486 2157 518 2210; x_wconf 91' lang='lat' dir='ltr'>et</span> <span class='ocrx_word' id='word_1_93' title='bbox 544 2142 761 2209; x_wconf 83' lang='lat' dir='ltr'>auctoritutem</span> <span class='ocrx_word' id='word_1_94' title='bbox 794 2142 993 2209; x_wconf 80' lang='lat' dir='ltr'>conciliaret:</span> <span class='ocrx_word' id='word_1_95' title='bbox 1017 2142 1180 2209; x_wconf 83' lang='lat' dir='ltr'>imovero</span> <span class='ocrx_word' id='word_1_96' title='bbox 1212 2140 1245 2208; x_wconf 88' lang='lat' dir='ltr'>id</span> <span class='ocrx_word' id='word_1_97' title='bbox 1273 2139 1339 2211; x_wconf 72' lang='lat' dir='ltr'>effa-</span> 
     </span>
     <span class='ocr_line' id='line_1_16' title="bbox 359 2257 1342 2344; baseline 0.002 -15"><span class='ocrx_word' id='word_1_98' title='bbox 359 2263 361 2267; x_wconf 79' lang='grc'>’</span> <span class='ocrx_word' id='word_1_99' title='bbox 407 2273 515 2341; x_wconf 67' lang='grc' dir='ltr'>εκεῖ,</span> <span class='ocrx_word' id='word_1_100' title='bbox 537 2277 577 2325; x_wconf 91' lang='lat' dir='ltr'>eo</span> <span class='ocrx_word' id='word_1_101' title='bbox 607 2273 691 2325; x_wconf 87' lang='lat' dir='ltr'>certe</span> <span class='ocrx_word' id='word_1_102' title='bbox 711 2260 827 2326; x_wconf 67' lang='lat' dir='ltr'>valera</span> <span class='ocrx_word' id='word_1_103' title='bbox 853 2260 1050 2344; x_wconf 88' lang='lat' dir='ltr'>plurimum,</span> <span class='ocrx_word' id='word_1_104' title='bbox 1084 2272 1122 2326; x_wconf 91' lang='lat' dir='ltr'>ut</span> <span class='ocrx_word' id='word_1_105' title='bbox 1151 2257 1187 2324; x_wconf 89' lang='lat' dir='ltr'>in</span> <span class='ocrx_word' id='word_1_106' title='bbox 1222 2258 1342 2331; x_wconf 65' lang='lat' dir='ltr'>Demi</span> 
     </span>
     <span class='ocr_line' id='line_1_17' title="bbox 410 2373 1344 2458; baseline 0.005 -18"><span class='ocrx_word' id='word_1_107' title='bbox 410 2374 532 2443; x_wconf 79' lang='lat' dir='ltr'>athenis</span> <span class='ocrx_word' id='word_1_108' title='bbox 554 2373 738 2457; x_wconf 83' lang='lat' dir='ltr'>eloquentia</span> <span class='ocrx_word' id='word_1_109' title='bbox 757 2375 808 2442; x_wconf 79' lang='lat' dir='ltr'>vis·</span> <span class='ocrx_word' id='word_1_110' title='bbox 826 2376 878 2442; x_wconf 84' lang='lat' dir='ltr'>illa</span> <span class='ocrx_word' id='word_1_111' title='bbox 898 2374 1065 2458; x_wconf 88' lang='lat' dir='ltr'>aliquando</span> <span class='ocrx_word' id='word_1_112' title='bbox 1084 2389 1118 2444; x_wconf 92' lang='lat' dir='ltr'>et</span> <span class='ocrx_word' id='word_1_113' title='bbox 1137 2377 1264 2458; x_wconf 61' lang='lat' dir='ltr'>lum</span> <span class='ocrx_word' id='word_1_114' title='bbox 1286 2394 1344 2445; x_wconf 56' lang='lat' dir='ltr'>ea*</span> 
     </span>
     <span class='ocr_line' id='line_1_18' title="bbox 410 2490 1343 2573; baseline 0.003 -13"><span class='ocrx_word' id='word_1_115' title='bbox 410 2491 559 2573; x_wconf 74' lang='lat' dir='ltr'>sisteret,</span> <span class='ocrx_word' id='word_1_116' title='bbox 582 2511 643 2573; x_wconf 88' lang='lat' dir='ltr'>qua</span> <span class='ocrx_word' id='word_1_117' title='bbox 668 2490 696 2558; x_wconf 89' lang='lat' dir='ltr'>is</span> <span class='ocrx_word' id='word_1_118' title='bbox 737 2506 834 2558; x_wconf 89' lang='lat' dir='ltr'>totam</span> <span class='ocrx_word' id='word_1_119' title='bbox 866 2491 1029 2561; x_wconf 85' lang='lat' dir='ltr'>Graeciam</span> <span class='ocrx_word' id='word_1_120' title='bbox 1049 2495 1222 2561; x_wconf 86' lang='lat' dir='ltr'>commovit</span> <span class='ocrx_word' id='word_1_121' title='bbox 1241 2495 1343 2563; x_wconf 88' lang='lat' dir='ltr'>virtu·</span> 
     </span>
    </p>
   </div>
   <div class='ocr_carea' id='block_1_5' title="bbox 375 2605 1396 3279">
    <p class='ocr_par' dir='ltr' id='par_1_5' title="bbox 375 2605 1396 3279">
     <span class='ocr_line' id='line_1_19' title="bbox 408 2605 1340 2698; baseline 0.005 -22"><span class='ocrx_word' id='word_1_122' title='bbox 408 2605 517 2689; x_wconf 78' lang='lat' dir='ltr'>risque</span> <span class='ocrx_word' id='word_1_123' title='bbox 546 2607 657 2672; x_wconf 87' lang='lat' dir='ltr'>ardore</span> <span class='ocrx_word' id='word_1_124' title='bbox 693 2606 842 2674; x_wconf 88' lang='lat' dir='ltr'>incendit.</span> <span class='ocrx_word' id='word_1_125' title='bbox 895 2608 932 2674; x_wconf 94' lang='lat' dir='ltr'>ld</span> <span class='ocrx_word' id='word_1_126' title='bbox 959 2623 1064 2677; x_wconf 90' lang='lat' dir='ltr'>autem</span> <span class='ocrx_word' id='word_1_127' title='bbox 1096 2625 1131 2676; x_wconf 92' lang='lat' dir='ltr'>ut</span> <span class='ocrx_word' id='word_1_128' title='bbox 1167 2613 1340 2698; x_wconf 85' lang='lat' dir='ltr'>explicetur</span> 
     </span>
     <span class='ocr_line' id='line_1_20' title="bbox 408 2719 1358 2809; baseline 0.011 -23"><span class='ocrx_word' id='word_1_129' title='bbox 408 2722 526 2805; x_wconf 76' lang='lat' dir='ltr'>plere,</span> <span class='ocrx_word' id='word_1_130' title='bbox 551 2734 587 2785; x_wconf 93' lang='lat' dir='ltr'>ut</span> <span class='ocrx_word' id='word_1_131' title='bbox 601 2719 773 2803; x_wconf 82' lang='lat' dir='ltr'>disciplina.</span> <span class='ocrx_word' id='word_1_132' title='bbox 786 2721 968 2805; x_wconf 87' lang='lat' dir='ltr'>Socratica,</span> <span class='ocrx_word' id='word_1_133' title='bbox 982 2729 1045 2806; x_wconf 76' lang='lat' dir='ltr'>qui</span> <span class='ocrx_word' id='word_1_134' title='bbox 1059 2725 1155 2793; x_wconf 87' lang='lat' dir='ltr'>suerit</span> <span class='ocrx_word' id='word_1_135' title='bbox 1175 2726 1339 2809; x_wconf 77' lang='lat' dir='ltr'>ubertate,</span> <span class='ocrx_word' id='word_1_136' title='bbox 1353 2743 1358 2753; x_wconf 88' lang='lat'><strong><em>‘</em></strong></span> 
     </span>
     <span class='ocr_line' id='line_1_21' title="bbox 409 2836 1345 2927; baseline 0.012 -25"><span class='ocrx_word' id='word_1_137' title='bbox 409 2853 447 2909; x_wconf 82' lang='lat' dir='ltr'>et</span> <span class='ocrx_word' id='word_1_138' title='bbox 477 2837 511 2903; x_wconf 91' lang='lat' dir='ltr'>in</span> <span class='ocrx_word' id='word_1_139' title='bbox 546 2836 615 2921; x_wconf 85' lang='lat' dir='ltr'>ipsa</span> <span class='ocrx_word' id='word_1_140' title='bbox 643 2837 827 2921; x_wconf 87' lang='lat' dir='ltr'>republica,</span> <span class='ocrx_word' id='word_1_141' title='bbox 868 2840 1119 2927; x_wconf 75' lang='lat' dir='ltr'>ingratissimis</span> <span class='ocrx_word' id='word_1_142' title='bbox 1151 2842 1345 2927; x_wconf 74' lang='lat' dir='ltr'>reipublicae</span> 
     </span>
     <span class='ocr_line' id='line_1_22' title="bbox 391 2953 1396 3051; baseline 0.009 -31"><span class='ocrx_word' id='word_1_143' title='bbox 391 2953 546 3038; x_wconf 67' lang='lat' dir='ltr'>rnegotiis</span> <span class='ocrx_word' id='word_1_144' title='bbox 574 2955 784 3037; x_wconf 87' lang='lat' dir='ltr'>auctoritate,</span> <span class='ocrx_word' id='word_1_145' title='bbox 812 2972 939 3041; x_wconf 87' lang='lat' dir='ltr'>pateat,</span> <span class='ocrx_word' id='word_1_146' title='bbox 973 2959 1135 3051; x_wconf 81' lang='lat' dir='ltr'>simulque</span> <span class='ocrx_word' id='word_1_147' title='bbox 1160 2979 1251 3044; x_wconf 84' lang='lat' dir='ltr'>quam</span> <span class='ocrx_word' id='word_1_148' title='bbox 1279 2961 1340 3030; x_wconf 88' lang='lat' dir='ltr'>So-</span> <span class='ocrx_word' id='word_1_149' title='bbox 1394 3037 1396 3043; x_wconf 51' lang='grc'><strong>,</strong></span> 
     </span>
     <span class='ocr_line' id='line_1_23' title="bbox 375 3072 1342 3169; baseline 0.007 -31"><span class='ocrx_word' id='word_1_150' title='bbox 375 3114 378 3123; x_wconf 71' lang='grc'><strong><em>«</em></strong></span> <span class='ocrx_word' id='word_1_151' title='bbox 410 3086 532 3152; x_wconf 74' lang='lat' dir='ltr'>entes,</span> <span class='ocrx_word' id='word_1_152' title='bbox 572 3090 665 3153; x_wconf 89' lang='lat' dir='ltr'>quam</span> <span class='ocrx_word' id='word_1_153' title='bbox 700 3072 789 3145; x_wconf 89' lang='lat' dir='ltr'>Plato</span> <span class='ocrx_word' id='word_1_154' title='bbox 820 3075 1001 3157; x_wconf 87' lang='lat' dir='ltr'>praesertim</span> <span class='ocrx_word' id='word_1_155' title='bbox 1032 3086 1147 3146; x_wconf 70' lang='lat' dir='ltr'>irrata</span> <span class='ocrx_word' id='word_1_156' title='bbox 1183 3094 1255 3144; x_wconf 83' lang='lat' dir='ltr'>esse</span> <span class='ocrx_word' id='word_1_157' title='bbox 1280 3077 1342 3169; x_wconf 77' lang='lat' dir='ltr'>tlo-</span> 
     </span>
     <span class='ocr_line' id='line_1_24' title="bbox 407 3188 1344 3279; baseline 0.01 -27"><span class='ocrx_word' id='word_1_158' title='bbox 407 3190 568 3278; x_wconf 72' lang='lat' dir='ltr'>quantiam</span> <span class='ocrx_word' id='word_1_159' title='bbox 588 3188 733 3270; x_wconf 80' lang='lat' dir='ltr'>duxerit,</span> <span class='ocrx_word' id='word_1_160' title='bbox 763 3189 978 3276; x_wconf 85' lang='lat' dir='ltr'>intelligutur,</span> <span class='ocrx_word' id='word_1_161' title='bbox 1002 3212 1041 3261; x_wconf 82' lang='lat' dir='ltr'>ex</span> <span class='ocrx_word' id='word_1_162' title='bbox 1071 3191 1238 3260; x_wconf 82' lang='lat' dir='ltr'>altioribus</span> <span class='ocrx_word' id='word_1_163' title='bbox 1268 3193 1344 3279; x_wconf 74' lang='lat' dir='ltr'>qni·</span> 
     </span>
    </p>
   </div>
   <div class='ocr_carea' id='block_1_6' title="bbox 404 3305 1350 3848">
    <p class='ocr_par' dir='ltr' id='par_1_6' title="bbox 404 3305 1350 3848">
     <span class='ocr_line' id='line_1_25' title="bbox 410 3305 1349 3395; baseline 0.01 -23"><span class='ocrx_word' id='word_1_164' title='bbox 410 3305 541 3373; x_wconf 89' lang='lat' dir='ltr'>busdam</span> <span class='ocrx_word' id='word_1_165' title='bbox 572 3305 736 3391; x_wconf 88' lang='lat' dir='ltr'>principiis</span> <span class='ocrx_word' id='word_1_166' title='bbox 772 3328 823 3375; x_wconf 85' lang='lat' dir='ltr'>res</span> <span class='ocrx_word' id='word_1_167' title='bbox 853 3313 1026 3395; x_wconf 87' lang='lat' dir='ltr'>repetenda.</span> <span class='ocrx_word' id='word_1_168' title='bbox 1053 3310 1148 3378; x_wconf 88' lang='lat' dir='ltr'>nobis</span> <span class='ocrx_word' id='word_1_169' title='bbox 1175 3325 1210 3379; x_wconf 86' lang='lat' dir='ltr'>at</span> <span class='ocrx_word' id='word_1_170' title='bbox 1240 3311 1349 3380; x_wconf 79' lang='lat' dir='ltr'>decla-</span> 
     </span>
     <span class='ocr_line' id='line_1_26' title="bbox 408 3423 1350 3516; baseline 0.006 -23"><span class='ocrx_word' id='word_1_171' title='bbox 408 3424 502 3493; x_wconf 84' lang='lat' dir='ltr'>tanda</span> <span class='ocrx_word' id='word_1_172' title='bbox 527 3438 589 3491; x_wconf 90' lang='lat' dir='ltr'>est.</span> <span class='ocrx_word' id='word_1_173' title='bbox 641 3423 763 3491; x_wconf 89' lang='lat' dir='ltr'>Patebit</span> <span class='ocrx_word' id='word_1_174' title='bbox 798 3444 873 3493; x_wconf 88' lang='lat' dir='ltr'>vero</span> <span class='ocrx_word' id='word_1_175' title='bbox 902 3426 935 3494; x_wconf 90' lang='lat' dir='ltr'>in</span> <span class='ocrx_word' id='word_1_176' title='bbox 965 3428 1027 3496; x_wconf 87' lang='lat' dir='ltr'>boc</span> <span class='ocrx_word' id='word_1_177' title='bbox 1055 3428 1089 3496; x_wconf 88' lang='lat' dir='ltr'>iu</span> <span class='ocrx_word' id='word_1_178' title='bbox 1119 3428 1233 3516; x_wconf 77' lang='lat' dir='ltr'>pritnis</span> <span class='ocrx_word' id='word_1_179' title='bbox 1262 3443 1350 3500; x_wconf 82' lang='lat' dir='ltr'>trau·</span> 
     </span>
     <span class='ocr_line' id='line_1_27' title="bbox 409 3543 1346 3631; baseline 0.012 -20"><span class='ocrx_word' id='word_1_180' title='bbox 409 3543 504 3611; x_wconf 86' lang='lat' dir='ltr'>tando</span> <span class='ocrx_word' id='word_1_181' title='bbox 529 3557 735 3626; x_wconf 85' lang='lat' dir='ltr'>argumento,</span> <span class='ocrx_word' id='word_1_182' title='bbox 757 3543 878 3629; x_wconf 87' lang='lat' dir='ltr'>quippe</span> <span class='ocrx_word' id='word_1_183' title='bbox 904 3546 1056 3631; x_wconf 89' lang='lat' dir='ltr'>ampliore</span> <span class='ocrx_word' id='word_1_184' title='bbox 1092 3563 1123 3614; x_wconf 93' lang='lat' dir='ltr'>et</span> <span class='ocrx_word' id='word_1_185' title='bbox 1149 3545 1346 3628; x_wconf 63' lang='lat' dir='ltr'>niundon,</span> 
     </span>
     <span class='ocr_line' id='line_1_28' title="bbox 404 3660 1348 3750; baseline 0.004 -25"><span class='ocrx_word' id='word_1_186' title='bbox 404 3660 531 3749; x_wconf 25' lang='lat' dir='ltr'>,qualem</span> <span class='ocrx_word' id='word_1_187' title='bbox 558 3673 768 3743; x_wconf 83' lang='lat' dir='ltr'>quantamque</span> <span class='ocrx_word' id='word_1_188' title='bbox 796 3663 960 3732; x_wconf 89' lang='lat' dir='ltr'>habeatin</span> <span class='ocrx_word' id='word_1_189' title='bbox 988 3662 1083 3728; x_wconf 84' lang='lat' dir='ltr'>rebus</span> <span class='ocrx_word' id='word_1_190' title='bbox 1112 3661 1348 3750; x_wconf 68' lang='lat' dir='ltr'>humanissimi</span> 
     </span>
     <span class='ocr_line' id='line_1_29' title="bbox 409 3773 883 3848; baseline 0.008 -7"><span class='ocrx_word' id='word_1_191' title='bbox 409 3789 441 3841; x_wconf 81' lang='lat' dir='ltr'>ct</span> <span class='ocrx_word' id='word_1_192' title='bbox 474 3773 681 3844; x_wconf 78' lang='lat' dir='ltr'>efficacintem</span> <span class='ocrx_word' id='word_1_193' title='bbox 699 3781 883 3848; x_wconf 69' lang='lat' dir='ltr'>variamur.</span> 
     </span>
    </p>
   </div>
   <div class='ocr_carea' id='block_1_7' title="bbox 0 0 1500 5220">
    <p class='ocr_par' dir='ltr' id='par_1_7' title="bbox 0 0 1500 5220">
     <span class='ocr_line' id='line_1_30' title="bbox 0 0 1500 5220; baseline 0 0"><span class='ocrx_word' id='word_1_194' title='bbox 0 0 1500 5220; x_wconf 95' lang='lat' dir='ltr'> </span> 
     </span>
    </p>
   </div>
  </div>
 </body>
</html>
