2992 5220
646 471 836 537 ..Ἧ-

191 613 193 616 ’
281 634 388 701 undas
410 655 490 703 esse.
534 635 571 702 Id
601 636 688 702 Plato
714 637 748 701 in
774 632 902 716 scriptis
930 630 997 698 suis
1020 650 1058 698 ne
1076 634 1203 703 inchoa·

279 751 325 818 vit
355 751 493 834 quidem·
588 819 592 828 ,

396 984 779 1051 characterismus
810 984 1080 1052 dialecticae

303 1103 559 1181 Socraticae,
588 1099 854 1184 Platonicae,
883 1097 1203 1168 Aristotclcaets

387 1222 478 1302 qais
504 1221 719 1306 proprius
752 1233 822 1282 esc·
842 1218 1099 1285 Platonicae
1197 1245 1203 1281 ε

615 1334 880 1400 characteri

286 1595 299 1621 ··
323 1564 368 1634 Et
395 1565 470 1629 haec
498 1563 648 1645 quidem,
681 1563 782 1646 ipsius
808 1565 948 1632 Platonis
975 1585 1108 1650 caussa,
1137 1587 1211 1634 cum

283 1685 322 1749 de
354 1681 512 1746 Socratica
542 1678 723 1760 dialectica,
754 1681 806 1744 cui
833 1681 942 1745 debuit
973 1681 1025 1747 ille
1053 1686 1211 1763 multum,

284 1813 351 1864 tum
382 1797 419 1861 de
445 1796 670 1878 Aristotelica,
712 1796 745 1860 in
771 1817 863 1876 quam
889 1796 961 1878 ipse
979 1797 1042 1861 vim
1071 1818 1212 1881 magnam

284 1913 414 1994 habuit,
438 1914 532 1994 paulo
558 1913 650 1978 latius
677 1913 823 1995 persequi
842 1912 983 1996 juvabat.
1026 1911 1215 1981 suffecerint

288 2050 344 2111 ea,
366 2030 499 2114 opinor,
522 2043 559 2092 ιιι
585 2029 761 2094 Platonicae
791 2029 968 2092 dialecticae
995 2029 1105 2092 claram
1134 2046 1215 2108 quo·

288 2147 452 2213 dammodo
476 2162 579 2210 mente
607 2143 767 2208 notionem
785 2133 1042 2224 conciperemus.
1085 2139 1216 2228 Sedes·

288 2262 413 2331 ficacem
439 2264 517 2328 hanc
537 2278 606 2326 esse
622 2259 757 2326 maxime
783 2261 821 2325 ad
847 2260 1016 2326 acuendum
1036 2260 1216 2344 ingenium,

288 2356 354 2466 quo
384 2379 456 2462 quis
480 2378 622 2459 acutior,
645 2397 709 2459 quo
734 2380 965 2463 tripertiuntur,
987 2392 1023 2441 ut
1042 2376 1085 2444 ait
1104 2378 1217 2468 Plato»,

259 2494 364 2576 'fiat‚
406 2515 534 2577 quoque
558 2509 758 2560 convertatur
791 2494 888 2579 magis
922 2509 1023 2558 mente
1050 2495 1218 2579 animoque

288 2625 376 2678 totus
404 2613 444 2676 ad
470 2613 652 2692 veritatem,
682 2612 714 2676 id
738 2630 845 2690 nunc,
867 2610 900 2676 ni
923 2608 1082 2690 fallimur,
1105 2631 1143 2677 ex
1164 2613 1218 2680 ht·

290 2728 599 2795 rummethodorum
624 2728 856 2810 comparatione
875 2728 993 2794 efficere
1015 2728 1108 2794 nobis
1130 2729 1216 2799 licet.

290 2845 417 2931 Quibus
450 2846 482 2911 in
511 2844 749 2927 comparandis,
782 2859 922 2909 accurate
945 2865 962 2910 a
986 2847 1142 2912 Socratica
1167 2868 1218 2915 ra-

289 2963 377 3027 tione
400 2962 585 3028 Platonicam
605 2961 813 3042 distinguere,
835 2963 958 3026 difficile
975 2964 1135 3042 negotium
1154 2979 1215 3029 est.

290 3077 373 3142 Nam
392 3079 474 3156 apud
495 3079 652 3141 Platonem
684 3074 819 3159 analysis
842 3073 982 3156 proxime
1010 3092 1079 3154 est,
1104 3089 1218 3143 uter·

293 3189 481 3274 posuimus,
512 3209 583 3254 cum
613 3195 762 3275 ἐπαγωγῇ
791 3194 975 3276 conjuncta,
998 3210 1055 3256 nec
1081 3192 1143 3257 ulla
1169 3207 1218 3258 (st
1302 3198 1305 3205 '

293 3309 361 3374 sive
387 3311 535 3387 ἐπαγωγὴ
565 3305 632 3369 sive
659 3307 787 3372 omnino
817 3309 1000 3389 dialectica,
1021 3328 1133 3390 quaea
1153 3329 1220 3377 cet·

276 3425 385 3492 *nendi
413 3421 624 3508 jungendique
646 3421 750 3484 studio
777 3437 807 3485 et
833 3403 896 3488 ane
919 3426 1008 3506 plane
1030 3427 1072 3491 sit
1098 3428 1221 3511 sejunc·
1309 3458 1312 3465 ·

276 3559 336 3609 .ta.
381 3542 473 3627 Quo.¹
486 3538 616 3617 accidit,
639 3552 675 3601 ut
693 3555 748 3618 per
769 3538 846 3601 hanc
860 3539 1019 3604 rationem
1048 3561 1133 3608 suam
1160 3545 1220 3612 So·

278 3673 395 3727 ¹crates
420 3659 451 3722 in
479 3677 599 3722 morum
625 3655 790 3737 disciplina
816 3669 865 3719 tot
886 3675 921 3720 ae
942 3670 1026 3720 tanta
1054 3656 1217 3728 invenerit.
1295 3709 1298 3715 .

277 3780 500 3856 {ommutui
518 3792 634 3841 autem
665 3774 873 3853 Aristotelis,
918 3793 1058 3858 quaeque
1094 3780 1220 3865 proprie

273 3927 280 3939 ·
296 3893 456 3977 synthesis
480 3892 617 3971 dicitur,
639 3890 708 3974 ipsa
727 3891 906 3956 continetur
924 3892 1060 3959 Platonis
1083 3898 1220 3975 ratione,

273 4029 377 4099 cquae
396 4007 666 4096 purtimconstat¹
681 4021 896 4095 evuayayetee
919 4022 966 4077 et.
979 4028 1055 4079 sane
1079 4027 1135 4095 nec
1161 4010 1222 4091 Sp·

310 4146 315 4155 '
1156 4140 1221 4192 cii·
