2992 5220
842 484 1013 533 ..20-

464 648 605 719 [iluimus
630 650 735 737 paullo
759 661 848 726 ante,
870 646 1078 733 principetum
1111 662 1181 711 eum
1213 648 1296 730 apud
1326 650 1398 716 Ro-

464 784 571 839 manoa
597 768 630 835 lu
658 763 864 849 eloquentia,
905 763 952 830 utl
987 764 1071 851 apud
1103 760 1243 830 Graecos
1275 763 1398 829 Demo-

463 884 624 965 sthenem,
651 879 873 968 philosophiae
897 883 929 948 in
957 881 1066 967 primis
1093 881 1205 948 studiis
1231 880 1392 950 debuisse.

462 1000 524 1069 Sed
559 1001 620 1067 hoe
656 998 795 1065 omnium
826 1000 962 1082 artium,
1007 1019 1087 1085 quae
1111 1003 1151 1067 ad
1171 1000 1394 1069 humanitatem

461 1113 645 1200 pertinent,
666 1104 832 1182 insatiabili
851 1120 983 1198 ardore,
1005 1135 1070 1182 non
1103 1119 1228 1199 quidem
1250 1137 1396 1201 superae·

461 1246 499 1303 ee
523 1228 557 1299 lu
583 1233 761 1316 eloquentia
788 1234 1059 1313 Demosthenem,
1089 1232 1146 1296 sed
1170 1232 1209 1297 ab
1238 1250 1277 1297 eo
1296 1249 1331 1295 se
1347 1234 1396 1295 di·

463 1344 612 1416 aunxure
634 1349 768 1415 uidetur.
812 1351 894 1413 Nam
914 1346 1030 1412 fuctum
1048 1347 1091 1409 ita
1112 1360 1184 1426 est,
1206 1362 1264 1426 ut,
1287 1345 1395 1427 prouti

460 1461 609 1550 princeps
634 1463 814 1530 Atticorum
839 1476 998 1528 oratorum
1023 1461 1210 1529 Socraticam
1241 1461 1394 1528 rationem

462 1579 594 1645 dicendo
618 1589 835 1660 expresserat,
865 1577 909 1645 ita
929 1578 1051 1646 Cicero
1082 1577 1220 1663 optimos
1250 1595 1397 1663 quosque

463 1691 658 1776 antiquitatis
692 1692 930 1779 philosophos,
974 1696 1094 1780 quique
1124 1711 1199 1780 post
1234 1699 1396 1764 Plntone'tn

463 1805 614 1894 menne,
651 1810 756 1879 animo
787 1814 997 1897 complexus,
1039 1815 1216 1882 universam
1254 1815 1398 1900 philoso-

465 1927 571 2013 phiam
602 1930 635 1997 in
665 1931 874 2014 eloquentiam
905 1931 1086 2016 conferret3
1109 1934 1268 2000 Platonem
1295 1945 1399 1998 autem

463 2063 531 2114 non
570 2047 702 2115 dicendo
739 2061 859 2114 tantum
889 2051 945 2115 sed
983 2048 1155 2115 scribendis
1185 2050 1278 2116 etiam
1311 2048 1400 2115 libris

466 2165 665 2251 exprimeret.
718 2163 782 2230 Vur
805 2180 870 2232 erat
896 2165 1013 2230 nobilis
1043 2166 1075 2226 in
1104 2164 1297 2226 Graecorum
1328 2161 1402 2242 phi·

465 2283 609 2369 losopbin
636 2287 751 2362 locus,
782 2283 859 2359 quin
890 2295 956 2342 eam
982 2295 1001 2344 e
1026 2276 1269 2343 clarissimorum
1296 2276 1401 2359 philo·

464 2402 638 2482 aopborum
665 2393 788 2477 placitis
821 2393 988 2479 diligenter
1018 2370 1177 2478 docteque
1204 2409 1236 2461 et
1258 2411 1335 2461 vero
1354 2393 1402 2458 di·

467 2527 551 2583 uerte
573 2511 764 2596 explicaret:
798 2513 885 2595 quod
907 2510 981 2577 libri
1006 2526 1181 2594 testantur,
1213 2529 1296 2594 quos
1319 2512 1401 2576 mul·

468 2647 521 2700 tos
547 2644 580 2698 et
610 2631 715 2698 vanos
737 2630 776 2697 de
799 2629 1002 2715 philosophia
1025 2629 1174 2712 scripsit,
1197 2629 1401 2711 quibusque,

468 2746 572 2834 ipsius
597 2747 859 2815 commendandae
895 2746 1116 2827 philosophiae
1142 2762 1273 2822 caussa,
1317 2742 1404 2806 Hor·

471 2868 608 2935 tensium
632 2863 790 2950 praemisit
811 2863 856 2928 (ὓ.
915 2861 1064 2949 Quodsi,
1096 2879 1189 2942 quam
1219 2859 1404 2926 Plutarchus

470 2988 506 3055 iu
526 3005 567 3057 eo
587 2981 825 3064 ammadvertit,
848 2980 984 3046 indolem
1010 2977 1250 3063 philosopham,
1271 2976 1405 3042 velimus

473 3120 571 3171 totam
583 3103 782 3186 perspicere,
804 3099 848 3164 illi
866 3096 961 3162 nobis
982 3095 1115 3162 oratoris
1136 3095 1259 3180 legendi
1274 3109 1349 3161 sunt
1367 3095 1405 3161 li·

472 3220 543 3299 bri,
578 3235 662 3300 quos
697 3234 763 3282 non
792 3232 986 3298 senescens,
1009 3228 1046 3278 ut
1075 3212 1170 3293 illos,
1193 3213 1249 3280 sed
1277 3212 1407 3296 vigente

472 3347 595 3413 eetate,
631 3350 713 3416 quos
743 3349 782 3398 eo
811 3347 975 3415 tempore,
1008 3352 1073 3415 quo
1098 3330 1197 3420 ipsum
1218 3328 1407 3414 reipublicae

469 3447 717 3536 gubernaculum
739 3451 864 3517 tenebas
884 3456 940 3530 ω,
962 3451 1001 3519 de
1027 3447 1223 3528 Republica,
1246 3443 1286 3507 de
1310 3444 1407 3530 Legi-

475 3570 561 3652 bus,
608 3569 786 3653 praesertim
813 3570 853 3635 de
881 3568 1015 3634 Oratore
1053 3558 1193 3641 scripsit.
1248 3559 1408 3644 Expressa

474 3701 524 3754 est
551 3689 584 3752 in
608 3687 648 3753 iis
670 3685 898 3769 philosophia,
929 3698 994 3745 non
1017 3677 1156 3742 scholam
1178 3656 1321 3745 redolens
1352 3693 1407 3743 aut

474 3818 592 3874 rectem
622 3802 756 3885 aliquam
795 3795 1088 3885 philosophorum,
1130 3794 1188 3862 sed
1225 3794 1409 3860 Aristotelis

1363 3928 1410 3976 te·

511 4058 554 4131 (e)
571 4055 617 4114 n«
634 4053 724 4110 finib.
743 4053 767 4108 1.
786 4071 835 4120 1.,
879 4052 920 4124 (a)
939 4049 1000 4106 cio.
1017 4049 1051 4103 de
1068 4049 1163 4106 Divite.
1181 4047 1222 4102 11.
1239 4064 1265 4099 e·
1282 4061 1308 4100 ι.
