2992 5220
528 498 533 507 ,
632 422 836 492 -·-1ss-

273 608 326 664 est
352 613 408 661 nec
430 608 601 677 paucorum
628 590 803 657 homiuum.
848 588 952 672 Nam,
974 604 1010 657 ut
1031 592 1145 676 probat
1171 591 1205 663 ld

276 713 362 795 quod
388 712 551 777 inventum
576 719 651 788 est,
672 721 707 772 ut
733 707 922 774 exsiliorum
946 707 1081 775 inventis
1107 709 1208 779 coun-

272 830 318 896 cit
339 828 416 910 quid
439 840 471 891 et
504 823 594 905 quusi
615 824 794 905 construit,
814 825 858 892 ita
887 825 1052 907 sagacitate
1079 827 1208 909 minnah

274 965 366 1026 quam
382 940 544 1025 diligentia
565 940 720 1028 procedit.
763 942 825 1009 Est
847 958 949 1009 autem
967 941 1127 1027 diligentia
1142 958 1209 1025 non

277 1060 417 1126 omnium
443 1057 566 1140 quidem
583 1057 868 1144 philosophorum3
891 1061 968 1141 sed,-
991 1075 1028 1126 ut
1054 1058 1126 1141 quis
1144 1067 1211 1126 m'm

277 1177 339 1245 rito
364 1176 427 1242 dici
454 1177 515 1242 hoc
547 1175 674 1240 nomine
688 1175 816 1258 possit,
837 1177 1010 1245 necessario
1026 1173 1209 1258 requiritur·

318 1293 357 1357 In
378 1295 435 1358 hac
457 1308 559 1358 autem
587 1293 827 1374 methodorum,
868 1296 962 1358 aurel
989 1291 1042 1359 int
1067 1291 1213 1375 philosm

276 1407 368 1491 phiae
388 1423 510 1487 aetate,
531 1408 749 1487 successione,
771 1423 807 1471 ut
829 1408 1021 1488 singularum
1052 1421 1139 1490 patet
1161 1405 1213 1474 sit

277 1523 405 1609 propria
433 1538 464 1589 et
492 1520 597 1603 ratio,
642 1521 683 1587 ita
715 1538 841 1587 cernere
874 1520 950 1585 mihi
980 1522 1086 1589 videor
1112 1520 1214 1604 ipsius

277 1639 398 1722 ingenii
421 1637 549 1704 humani
572 1637 605 1702 ln
639 1635 746 1702 studio
774 1636 914 1702 veritatis
951 1639 1214 1721 progressionem
1320 1624 1323 1629 ⁸

279 1746 364 1821 Nan'r
393 1769 506 1836 sponte
537 1753 671 1835 primunr
700 1753 795 1818 horno
824 1750 977 1841 facileque
1006 1773 1055 1820 res
1082 1762 1218 1838 cognose

282 1869 354 1936 cit:
398 1870 554 1935 succedit
574 1868 706 1935 naturali
742 1865 884 1935 facilitati
917 1867 1028 1935 mentis
1066 1887 1218 1952 acumen,

284 2004 349 2070 quo
378 1986 552 2052 accuratius
585 1985 734 2050 discernit
756 1974 925 2069 'jungitque
953 2002 987 2050 ac
1020 2001 1102 2049 nova
1133 1984 1221 2065 inge·

284 2103 353 2172 nit:
393 2119 460 2168 turn
499 2121 574 2168 vero
604 2101 692 2184 quod
717 2099 890 2181 cognovit,
929 2099 1017 2180 quod
1046 2089 1136 2165 acute
1171 2098 1223 2170 im·

286 2220 394 2302 venit,
440 2220 472 2286 id
495 2218 556 2285 sibi
581 2223 672 2301 plene
704 2216 913 2300 persuadere,
952 2215 985 2279 id
1017 2214 1151 2298 probate
1176 2213 1225 2288 dr,-

284 2340 416 2422 ligentet
436 2356 470 2403 ac
494 2338 703 2402 demonstrare
730 2348 875 2399 conatur.
917 2330 1128 2418 Quamobrem
1158 2346 1225 2417 nott

286 2453 430 2523 audiendi
459 2470 533 2520 sunt
560 2454 627 2535 illi,
671 2451 726 2533 qui
753 2451 861 2516 harum
887 2449 1104 2516 methodorum
1133 2446 1224 2516 alian

288 2566 323 2632 in
343 2568 465 2633 coelum
498 2568 643 2634 laudibus
674 2566 804 2648 ferunt,
827 2566 914 2632 aliam
940 2582 1017 2631 vero
1047 2565 1113 2631 sive
1137 2574 1226 2648 sp'cn·

291 2697 373 2750 nunt
411 2683 478 2750 sive
509 2684 691 2767 negligunt:
741 2683 852 2767 prouti
887 2681 1014 2748 fuerunt
1047 2683 1103 2765 qui
1136 2680 1227 2749 Aries

290 2800 396 2865 tutelis
433 2800 658 2883 syllogisticam
701 2802 765 2865 alto
803 2800 971 2882 supercilio
1018 2800 1226 2883 despicerent.

290 2916 382 2985 Nihil
414 2918 486 2984 licet
524 2935 668 3000 spernere
709 2918 795 2998 quod
828 2930 955 2982 naturae
987 2932 1035 2980 est
1063 2931 1228 2982 consenta-

292 3049 407 3111 neum,
440 3047 472 3097 et
500 3033 632 3115 singulis
665 3032 818 3098 aetatibus
845 3029 985 3114 singulae
1006 3033 1063 3096 hae
1089 3031 1229 3097 methodi

293 3146 499 3213 conveniunt.
562 3148 677 3214 Pueris
702 3130 873 3215 adhibenda
907 3151 1057 3229 ἐπαγωγὴ
1085 3161 1157 3227 est,
1194 3161 1231 3212 ut

213 3291 215 3295 ·
297 3262 441 3329 Socrates
466 3260 562 3341 fecit,
594 3263 733 3349 methodi
762 3279 886 3332 auctor:
929 3279 1039 3345 estque
1063 3266 1138 3329 hnec
1159 3280 1236 3348 pro·

298 3376 367 3462 prie
394 3375 520 3442 docendi
538 3377 782 3463 instituendique
811 3386 896 3447 ratio
916 3384 1017 3466 justa:
1040 3399 1100 3446 nos
1123 3386 1235 3449 nostra

296 3494 408 3578 lingui
420 3494 519 3576 ipsam
531 3492 759 3559 institutionem
776 3513 888 3561 vocare
902 3496 1075 3584 opleiding,
1088 3511 1124 3562 ut
1136 3497 1235 3565 Grae·

300 3611 330 3677 ci
353 3616 542 3692 ἐπαγωγὴν,
564 3611 714 3678 solemus.
757 3612 907 3696 Analysis
940 3631 1036 3693 vero,
1059 3614 1127 3682 sive
1145 3613 1235 3684 acuti

298 3724 446 3805 cernendi
476 3727 686 3811 jungendique
718 3729 857 3796 studium
889 3745 920 3796 et
951 3750 1025 3812 ars,
1066 3731 1239 3801 adolescan-

301 3847 382 3926 nune
410 3858 481 3924 est,
497 3845 565 3941 jcui
592 3845 724 3911 maxime
751 3850 843 3917 nenti
868 3867 996 3916 acumen
1028 3865 1122 3934 atque
1149 3854 1237 3917 inve·

305 3959 410 4031 niendi
427 3959 577 4046 sagacitas
599 3963 725 4050 propria
747 3981 805 4036 est.
850 3969 954 4053 Aegre
971 3967 1017 4039 illi
1037 3970 1077 4038 td
1099 3962 1237 4054 proben-
