2992 5220
811 525 988 591 -sa-

440 685 628 755 felicitatem.
673 688 815 752 Subiime
836 688 896 752 hoc
925 705 999 752 sane
1021 700 1069 752 est
1089 682 1237 768 placitum
1261 688 1365 752 Pisto·

438 807 508 885 nis,
531 785 737 888 significatum
762 806 823 888 jam
855 803 888 867 in
919 804 1081 883 Phaedro,
1111 805 1166 869 sed
1194 804 1226 869 in
1252 801 1365 870 Politia

437 923 477 986 ad
496 921 642 1004 optimam
663 920 891 986 institutionem
910 919 1072 1005 diligenter
1090 920 1281 986 adhibitum:
1305 940 1365 984 no-

340 1072 341 1075 *
440 1038 493 1103 bis
523 1057 599 1104 vero
628 1038 796 1120 prudenter
823 1057 873 1103 est
902 1037 1140 1120 accipiendum,
1173 1056 1214 1103 ne
1244 1037 1366 1120 impor-

440 1159 517 1221 tuni
548 1154 706 1238 diiigentiti
728 1156 873 1237 inanique
892 1154 1098 1234 inquisitione
1115 1155 1154 1220 de
1173 1173 1284 1219 sensus
1307 1154 1367 1218 hu·

437 1272 488 1354 jus
518 1271 591 1336 sede
624 1283 654 1334 et
676 1271 818 1350 ratione,
841 1268 905 1337 vim
936 1271 1002 1354 ejus
1028 1270 1192 1335 sublimem
1219 1272 1365 1336 tollamus

440 1389 542 1469 plane.
586 1384 836 1469 decipiendum,
869 1400 904 1449 ut
925 1385 1146 1468 interpretatus
1175 1385 1364 1451 Aristoteles

442 1515 514 1568 este
547 1507 584 1578 ὥς
610 1505 676 1586 ὄψις
701 1507 731 1572 ἐν
757 1507 928 1588 ὀφθαλμῷ,
952 1511 1014 1579 νοῦς
1033 1507 1064 1571 ἐν
1090 1514 1193 1588 ψυχῇ.
1217 1501 1249 1545 (¹³
1278 1503 1367 1568 Plato

440 1618 611 1684 lectoribus
637 1617 734 1683 verbo
757 1637 850 1700 saepe
877 1617 1087 1703 significavit,
1109 1637 1190 1699 quae
1213 1618 1274 1701 ipsi
1296 1636 1368 1682 seo-

441 1733 560 1814 tireot,
581 1735 799 1813 adverterent,
824 1752 954 1816 quoque
982 1733 1119 1800 melioris
1146 1748 1252 1800 essent
1283 1735 1370 1818 ioge-

442 1849 512 1931 nii,
543 1869 582 1916 eo
612 1851 736 1933 plenius
760 1852 977 1935 perciperent:
1010 1871 1068 1918 nec
1100 1851 1271 1935 quidquam
1307 1871 1370 1917 mu·

443 1968 490 2051 gis
522 1967 684 2050 interpreti
715 1971 885 2035 cavendum
915 1986 983 2049 est,
1017 1990 1109 2052 quam
1160 1989 1199 2036 ne
1235 1969 1370 2052 explica·

444 2103 478 2150 re
507 2085 650 2164 studeat,
684 2086 771 2166 quod
801 2086 869 2168 ipse
896 2087 1107 2177 philosophus
1129 2087 1282 2168 explicare
1318 2087 1370 2150 vei

443 2218 509 2266 non
538 2201 644 2283 potuit
677 2202 845 2266 ueletiam
875 2201 947 2266 dard
975 2205 1071 2282 opert
1101 2200 1215 2267 noluit.
1260 2198 1369 2265 Relin-
1479 2228 1483 2235 ·

446 2317 567 2397 quenda
587 2331 634 2381 est
659 2314 830 2381 lectoribus
859 2315 892 2379 in
908 2316 1016 2380 multis
1042 2314 1188 2395 caussis,
1219 2332 1311 2397 quarn
1332 2312 1370 2378 iis

444 2433 533 2520 Plato
568 2433 694 2514 reliquit
733 2433 923 2516 prudenter,
957 2433 1134 2513 sentiendi,
1168 2431 1371 2515 suspicandi,

444 2550 666 2630 divinandique
694 2548 843 2629 libertas,
878 2568 1033 2629 quaeres
1065 2567 1139 2615 sane
1175 2548 1371 2632 philosopho

445 2666 536 2746 piena
552 2678 601 2729 est
627 2666 810 2746 voluptatis.
857 2665 918 2727 Sed
948 2665 1029 2728 houd
1054 2666 1118 2729 scio
1142 2666 1310 2745 equidem,
1333 2682 1372 2727 an

445 2778 526 2844 idem
547 2778 642 2857 illud,
673 2779 705 2843 iu
725 2792 793 2843 toto
818 2778 877 2842 hoc
906 2780 1035 2863 negotio
1065 2794 1198 2860 nostro,
1232 2778 1373 2844 omnium

448 2893 491 2959 sit
506 2892 731 2960 difficillimum.

705 3184 814 3274 Quid
842 3207 905 3258 est
934 3184 1111 3258 docere?

549 3307 638 3375 sive
669 3307 718 3374 dc
748 3324 978 3394 μαιευτικῇ
1021 3308 1265 3374 Socratica.

486 3564 564 3635 Post
593 3572 716 3654 longam
750 3572 829 3636 hanc
860 3570 899 3637 de
921 3570 1070 3637 discendo
1092 3573 1378 3654 cognoscendoque

446 3683 712 3767 disputationem,
757 3687 893 3754 redimus
927 3688 1048 3753 tandem
1095 3687 1138 3753 ud
1166 3687 1303 3754 Socratis
1343 3701 1375 3752 et

1267 3802 1376 3868 Theo-
1418 3827 1422 3835 ·

440 4006 444 4014 ·
483 3974 639 4045 (1)·ΤοΡὶο·
669 3994 697 4045 p.
722 3979 782 4035 auo.
806 3977 858 4035 Eu.
882 3976 961 4050 syth.
986 3977 1023 4037 V.
1041 3982 1178 4051 wyttenb.
1196 3979 1229 4034 ud
1253 3978 1325 4034 Plu.
1343 3977 1380 4033 de

448 4072 478 4130 Β.
497 4075 589 4134 ΣΗ.
606 4094 634 4146 p.
651 4077 697 4150 94.
1302 4114 1307 4119 .
