2992 5220
798 445 977 531 *2¹*-

429 635 552 719 m'tqtie
574 627 792 698 ratiocinando
817 631 1036 719 exploratum,
1057 632 1161 717 qualit
1182 635 1226 699 tit
1246 652 1359 714 torota

425 749 579 832 cognatio.
604 741 636 789 <⁰
678 743 806 831 Quibus
825 745 975 829 placitum
1000 747 1153 830 respicit,
1185 764 1222 817 ut
1249 770 1358 818 omnes
1484 811 1489 820 .

428 859 632 947 intelligunt,
667 861 756 944 quod
790 879 885 944 supra
920 861 1098 930 studuimus
1131 855 1360 949 explicare,.a

430 978 587 1047 Cicerone
627 979 793 1060 probatum
834 994 1101 1063 perspectumque
1135 981 1291 1064 maxime,
1321 983 1361 1050 de

427 1095 562 1180 simulo,
580 1092 824 1179 doctrinam,-
845 1095 902 1162 sed
929 1114 1043 1162 novam
1066 1096 1140 1162 item
1174 1096 1262 1165 hisce
1288 1098 1365 1164 doc·

427 1211 542 1279 atinam
567 1209 722 1296 significat
757 1210 967 1279 dialecticam.
1011 1212 1109 1299 Quod
1124 1212 1238 1281 minus
1269 1213 1363 1281 etiam

431 1325 612 1408 suspicatus
634 1325 780 1407 Glauco,
813 1324 859 1390 sic
891 1326 1041 1407 quidem,
1072 1325 1137 1407 ait,
1168 1341 1201 1392 et
1221 1344 1282 1410 ego
1308 1344 1364 1392 au·

431 1461 552 1526 guror,
573 1441 631 1510 sed
645 1458 847 1524 permagnum
875 1455 991 1520 est,-o
1012 1439 1181 1523 Socrates,
1202 1442 1293 1525 quod
1318 1442 1365 1508 di·

432 1560 500 1641 cis,
522 1577 618 1643 opus.
664 1554 748 1622 Tum
777 1555 850 1636 ille,
873 1555 1028 1639 prooemii
1050 1555 1155 1639 dicis,
1177 1557 1304 1642 inquit,
1325 1577 1365 1626 an

430 1675 526 1757 cuius
556 1685 677 1739 tantum
711 1669 784 1740 reii
822 1672 877 1738 An
910 1690 988 1739 vero
1013 1673 1217 1757 ignoramus,
1256 1677 1365 1753 barum

432 1786 573 1857 studium
593 1788 804 1855 doctrinarum
831 1789 949 1864 aditum
978 1807 1050 1858 esse
1069 1807 1102 1858 et
1131 1793 1220 1875 quasi
1247 1812 1363 1877 prooe-

428 1905 530 1983 mium
559 1905 664 1992 legis,
696 1925 790 1988 quam
812 1907 933 1976 discere
961 1909 1118 1992 oportet?
1146 1910 1253 1995 Hujus
1282 1909 1369 1976 scili·

430 2037 485 2090 cet
521 2022 567 2091 rei
594 2039 660 2091 non
692 2021 751 2089 tibi
790 2025 925 2090 solertes
953 2043 1025 2093 esse
1058 2027 1204 2094 videntur
1231 2027 1370 2095 dialecti·

431 2139 478 2207 ci.
499 2174 545 2193 -
563 2139 642 2206 Non
666 2157 765 2221 sane,
787 2159 845 2224 pes
864 2141 998 2229 Jovem,
1019 2142 1147 2225 inquit,
1176 2143 1285 2228 paucis
1315 2162 1370 2213 ex·

434 2255 563 2340 ceptis,
584 2272 667 2339 quos
688 2273 750 2339 ego
767 2256 1029 2372 conveni-Q
1048 2259 1225 2339 enim‚uisi
1242 2260 1316 2343 quis
1336 2275 1370 2327 et

434 2371 577 2457 accipere
592 2372 698 2456 possit
715 2386 747 2437 et
770 2372 895 2440 reddere
911 2373 1086 2456 rationem,
1108 2393 1268 2458 nunquam
1289 2376 1369 2444 sciet

436 2489 606 2575 quidquam
641 2506 774 2571 eorum,
805 2508 884 2572 quae
913 2508 985 2558 esse
1014 2488 1148 2559 dicimus
1176 2510 1372 2578 cognoscen-

435 2602 487 2671 da.
508 2642 555 2660 -
572 2601 626 2672 Ns
646 2603 707 2670 hoc
731 2602 839 2672 etiam.
857 2642 904 2659 -
922 2603 1025 2691 Atqui
1046 2606 1121 2674 baec
1142 2591 1213 2690 est',
1234 2608 1373 2678 oGlau-

425 2737 502 2802 ιο,
521 2718 573 2786 lex
604 2718 697 2804 ipsa,
719 2738 801 2802 quae
830 2720 1004 2789 disserendi
1034 2737 1131 2788 artem
1158 2725 1313 2790 continet.
1337 2724 1371 2772 <⁸²

337 2848 342 2860 '
436 2837 475 2906 Id
515 2835 635 2904 scilicet
673 2853 767 2903 nemo
806 2835 900 2901 nobis
935 2837 1151 2902 adversabitur
1172 2838 1369 2924 dicentibus,

437 2955 555 3025 nullam
592 2970 664 3022 esse
693 2965 816 3037 praeter
837 2952 925 3023 banc
960 2950 1134 3018 disserendi
1164 2954 1371 3040 methodum,

438 3090 521 3156 quae
543 3071 583 3137 de
601 3067 737 3154 singulis
758 3068 880 3150 rebus,
901 3065 980 3149 quid
999 3067 1042 3134 sit
1071 3089 1299 3160 unaquaeque,
1319 3077 1374 3146 vit

420 3188 544 3270 possit
565 3198 599 3250 et
620 3185 740 3250 ratione
768 3180 920 3265 adsequi:
944 3198 1080 3253 caeteras
1108 3206 1187 3255 vero
1207 3205 1290 3263 artes
1320 3195 1373 3265 vol

314 3339 317 3345 .
436 3301 609 3387 ,opiniones
639 3297 801 3366 hominum
833 3299 1087 3385 cupiditatesque
1113 3321 1280 3390 spectare,
1320 3313 1373 3381 vel

426 3419 536 3500 ,rebus
579 3415 734 3499 contineri
778 3437 859 3502 quae
903 3418 985 3486 fiunt
1013 3434 1045 3488 et
1071 3436 1306 3504 componuntur
1339 3423 1373 3474 (ι)
1457 3427 1464 3436 “

422 3590 426 3595 .
438 3538 494 3618 pel
523 3535 566 3615 ad,
591 3536 749 3615 ¹culturam
780 3553 916 3621 eorum,
960 3554 1041 3620 quae
1076 3555 1093 3598 e
1125 3548 1205 3600 terra
1239 3554 1374 3610 nascun-

418 3643 494 3730 ‘cur
514 3653 563 3722 vel
590 3650 765 3737 composita
796 3669 872 3720 sunt
899 3649 1038 3719 referri:
1052 3649 1119 3715 illas
1145 3663 1269 3739 autem,
1292 3675 1370 3740 quas

1325 3771 1374 3842 di.

433 3959 436 3964 -
475 3930 519 4001 pp
538 3929 583 3981 us
600 3929 668 3996 nep.
687 3929 811 3984 virm
835 3929 875 3981 n.
912 3927 952 3996 (ι)
973 3925 1016 3980 ne
1034 3889 1188 4012 ιιῳζιιιι.
1205 3934 1265 3989 5³1.
1281 3934 1319 3990 o.
1336 3932 1371 3993 u.
1429 3963 1432 3967 <

475 4040 517 4115 (3)
539 4039 620 4096 Arm
637 4039 788 4106 ποιητικὸς
804 4036 934 4107 intubiqit
950 4037 986 4110 Y·
1003 4038 1089 4117 sopit
1106 4060 1167 4117 ²¹⁹·
