2992 5220
647 475 827 540 -m-

275 638 424 716 inrupi,
456 650 488 703 et
522 644 743 721 συλλογισμὸςι
775 639 828 703 illa
868 642 929 708 dati
959 647 1016 708 τῶν
1044 643 1201 713 satem

274 756 324 825 tet
350 760 393 824 cai
428 760 551 825 καθολιῦ
578 754 744 836 procedit,
779 770 893 835 estque
923 757 1126 838 vitaverim,
1146 760 1199 824 eoi

274 873 451 955 σμφέςερω,
480 847 535 938 ’καὶ
559 871 642 936 κατὰ
666 871 721 944 rita
749 870 881 946 αἴσθησιν
900 869 1127 952 γνωριμωτέρα,
1149 869 1201 934 eei

274 998 335 1062 mie
372 997 495 1071 πολιαῖς
521 990 622 1054 κοινὸν*
653 990 856 1067 συλλογισμὸς
884 1004 964 1051 uero
992 984 1213 1067 sstmteirepm·

277 1104 328 1171 troi
376 1107 476 1186 πρὸς
515 1106 613 1178 τοὺς
643 1091 963 1182 evetaoytaeote'
994 1100 1204 1184 tumtu-

276 1242 354 1301 με.
377 1215 409 1262 ‘¹'
438 1217 576 1302 Dpem'e
607 1217 741 1300 pretium
769 1230 818 1284 eet
849 1230 953 1283 autem
984 1216 1208 1282 animadverte-
1327 1242 1348 1279 .-

277 1351 336 1415 ιε,
365 1335 495 1402 rediisse
521 1334 564 1401 ita
598 1348 676 1418 post
703 1335 911 1401 Aristotelem
947 1331 1137 1399 dialecticam
1167 1330 1215 1423 ad·

240 1424 244 1437 Ι
276 1450 484 1526 incunabula,
505 1464 542 1516 ut
568 1450 757 1531 itadicam,
779 1468 848 1515 sua.
892 1451 974 1515 Nam
1003 1464 1040 1515 ut
1060 1462 1132 1517 ante
1150 1447 1211 1515 80-

274 1582 391 1636 cratem
418 1568 578 1652 hujusque
607 1581 708 1635 aetate
735 1568 768 1633 in
782 1567 924 1635 Eriaticl
944 1571 1043 1647 ,secta
1070 1566 1217 1635 inanium

278 1679 381 1759 fluerat
410 1682 651 1749 contentionum
664 1684 787 1765 plena,
809 1697 911 1766 utque
939 1680 1076 1749 adhibita
1105 1700 1123 1748 a
1152 1682 1212 1748 So·

282 1798 397 1883 phistis
431 1797 533 1866 luerat
581 1800 620 1864 ad
659 1800 901 1881 eloquentiam,
942 1801 1153 1881 maximeque·
1173 1798 1213 1866 ad

282 1934 422 1983 caussam
460 1914 639 1983 inferiorem
676 1917 809 1983 dicendo
848 1916 1041 1999 superiorem
1083 1916 1213 1982 reddetr·

283 2031 372 2112 dam,
389 2049 446 2113 par
467 2031 571 2096 denuo
592 2033 661 2114 ejus
673 2051 752 2097 usus
775 2032 859 2114 apud
880 2031 1111 2114 Academicos,
1130 2031 1218 2097 Stoi·

282 2165 363 2229 cos,
396 2147 575 2233 Epicureos
593 2165 665 2213 esse
683 2147 801 2230 coepit.
848 2147 1091 2214 contendebant
1111 2149 1214 2216 denuo

284 2264 494 2341 Alexandrina
533 2278 632 2330 aetate
668 2264 854 2347 philosophi
896 2264 937 2330 de
972 2264 1079 2331 verbis
1116 2266 1213 2352 magis

285 2402 378 2465 quam
409 2381 527 2464 rebus,
570 2395 602 2448 et
630 2382 720 2448 abusi
755 2395 832 2448 sunt
871 2380 986 2467 pariter
1020 2382 1215 2466 eloquentia.

286 2501 403 2585 Pariter
421 2501 556 2566 Romae
591 2499 624 2569 in
656 2499 810 2584 iustitiam
845 2497 968 2564 dicebat
1006 2499 1218 2581 Carneades,

288 2631 326 2685 ut
361 2617 489 2683 duobos
525 2615 674 2683 saeculis·
699 2629 771 2682 ante
798 2616 967 2700 Sophistae
990 2615 1128 2683 Athenis
1155 2614 1218 2699 ipsi

288 2734 367 2802 adeo
400 2733 510 2799 virtuti
548 2731 756 2814 justitiaeque
791 2732 877 2798 haud
912 2747 1138 2817 pepercerant,
1183 2748 1222 2801 ut

287 2851 471 2936 prudentiae
490 2847 638 2934 politicae
652 2819 888 2932 'facundiaeque
920 2850 1082 2934 gloriolam
1103 2851 1236 2918 scilicet·

289 2970 424 3049 aliquam
449 2983 609 3051 caperent.
655 2966 925 3050 Thrasymachum
943 2967 1027 3048 apud
1045 2967 1222 3045 Platonem,

293 3082 346 3159 cui
363 3083 509 3149 Socrates
532 3098 564 3149 et
583 3085 673 3151 Plato
701 3100 875 3170 germanam
905 3057 1139 3165 philosophiam
1165 3098 1223 3163 op-

294 3211 490 3282 posuerant,
533 3197 647 3264 imitari
674 3216 710 3271 ‚et
747 3217 896 3286 superare
931 3198 1008 3267 adeo
1050 3197 1224 3264 cavillando

293 3327 426 3383 conatus
439 3292 584 3379 uidetur.
603 3305 651 3356 ω’·
677 3315 729 3380 Sic
749 3332 889 3400 tempora
909 3328 1028 3386 mutata
1042 3328 1137 3381 sunta
1160 3314 1225 3381 imo

295 3451 373 3501 vero
404 3431 444 3496 ad
472 3428 620 3514 pristinas
651 3428 788 3510 ineptias
817 3433 1076 3514 Sophisticasque
1103 3431 1228 3498 cavilla·

296 3551 400 3617 tiones
423 3548 612 3631 redierunt,
673 3545 736 3612 Sed
765 3545 823 3609 hac
862 3560 961 3613 aetate
982 3536 1172 3635 'eloquentia
1197 3561 1229 3617 et

300 3664 425 3746 minus,
447 3685 539 3746 quam
556 3677 663 3743 antea.
685 3660 969 3737 commendationis.
981 3660 1089 3730 habuit
1099 3679 1139 3734 2et
1154 3667 1228 3748 plus

302 3780 486 3849 detrimenti·
497 3779 614 3847 attulit.
658 3779 742 3846 Nam
762 3777 886 3846 fuerant
909 3778 1126 3863 sophistarum
1144 3797 1231 3852 ,tem-

1171 3916 1230 3983 po·

338 4034 380 4106 (r)
399 4034 469 4104 Top.
487 4034 512 4090 1.
534 4038 697 4104 ro.p·281.
751 4031 805 4106 (a)
822 4031 893 4096 Plat.
915 4033 1032 4104 ssep·
1051 4035 1076 4088 1.
1093 4032 1153 4086 545.
1174 4030 1217 4114 ⁰⁰,
