2992 5220
656 483 855 546 'pq-‚1235

281 666 327 733 ‚sa
351 661 399 713 est
429 648 624 725 discemcte,
647 647 698 725 si,
722 664 787 727 quo
816 644 943 724 tendat,
973 635 1216 711 didicimus-3

286 763 361 848 ,Ego
384 782 459 829 vero
489 779 521 828 et
548 761 641 828 didici
672 777 704 827 et
728 763 888 844 concedo,
910 761 985 826 dues
1009 769 1217 847 'esse-purga·

287 879 384 946 tionis
416 880 561 962 species,
604 880 794 960 alteramque
825 879 929 961 illam,
974 895 1054 959 quae
1082 891 1217 954 mentem

286 1011 434 1080 spectat,
466 1017 483 1061 a
514 994 656 1078 corporis
678 995 866 1079 purgatione
893 1010 1050 1064 secretam·
1067 1011 1214 1062 essee-s

287 1111 419 1195 Optime
432 1112 602 1177 'omniums
624 1112 656 1176 in
686 1111 748 1177 ho'e
777 1124 880 1180 autem
905 1117 1042 1198 insuper.
1059 1114 1134 1178 mihi
1152 1113 1220 1180 ‘ob'-

288 1247 441 1324 sequere,
465 1232 614 1310 quodque
642 1229 782 1294 dicturus
814 1249 905 1308 sum,
939 1250 1047 1295 rursus
1075 1229 1218 1296 bifariam
1258 1236 1260 1239 ’

285 1344 425 1410 dividere
440 1357 536 1409 tenta.
559 1382 605 1395 -
623 1346 797 1426 Utcunque
815 1348 965 1427 duxeris,
988 1360 1091 1412 tecum
1112 1348 1220 1429 partiri

283 1461 422 1549 conabor
444 1463 489 1524 ω.
534 1460 598 1528 Hic
624 1462 779 1526 cernendo
796 1463 1023 1545 jungendoque
1042 1464 1216 1546 procedens

283 1578 431 1666 Eleates,
453 1596 556 1657 casu,
571 1591 608 1642 ut
627 1577 777 1657 uidetur,
800 1574 997 1668 ingenuino
1021 1596 1051 1643 ct
1080 1609 1216 1664 μαιευτι·

282 1698 337 1776 κῆν
368 1693 497 1773 incidit,
518 1712 641 1775 proque
662 1694 811 1776 Sophiste
830 1694 862 1759 in
880 1695 937 1760 hac
959 1697 1124 1773 venatione
1143 1698 1217 1782 pbi-¹

281 1811 452 1891 iosophum
475 1809 570 1890 capit.
614 1810 710 1896 Quod
733 1811 893 1893 quomodo
912 1811 1125 1894 accipiendum
1147 1791 1215 1897 sit,

282 1938 350 2007 eum
375 1925 621 2007 declarabimus,
644 1946 741 2007 quum
763 1928 804 1992 de
821 1931 1018 2006 inventione,
1040 1926 1220 1995 Platonicae

279 2041 317 2111 in
339 2041 449 2126 primis
470 2042 647 2107 dialecticae
668 2041 821 2124 propria,
843 2041 942 2105 acturi
962 2060 1084 2131 sumus,
1110 2029 1215 2108 'Nunc
1298 2094 1306 2108 .

281 2159 579 2240 anisradvertamus,
612 2158 845 2224 vilissimarum¹
864 2175 965 2223 rerunt
992 2159 1216 2226 consideratio·

281 2292 347 2357 ne,
376 2291 421 2342 ut·
441 2289 515 2342 sunt
541 2274 686 2359 proiecto
718 2274 841 2343 servilia
865 2275 924 2341 ista
949 2276 1115 2358 pectendi,
1148 2278 1214 2342 'car-

280 2392 439 2473 minandi,
462 2393 573 2460 similia
591 2393 738 2478 negotia,
761 2393 798 2457 nd
818 2408 867 2456 res
887 2393 1036 2459 sublimes
1061 2412 1120 2458 nos
1138 2395 1214 2459 edu·

278 2522 353 2576 cere
377 2509 578 2577 dialecticam.
623 2511 706 2575 Nam
729 2509 767 2574 ad
789 2509 926 2575 animum
949 2510 1095 2593 deinceps
1113 2524 1215 2576 trans·

278 2621 345 2692 fest
372 2644 475 2692 rerum
498 2644 718 2708 corporearum
747 2625 911 2709 ipsiusque
936 2626 1079 2710 corporis
1106 2628 1213 2694 huma·

278 2743 315 2814 ni
357 2745 606 2832 purgationem,
650 2743 810 2824 animique
845 2757 878 2810 et
912 2743 1030 2810 morbis
1075 2758 1108 2810 et
1143 2758 1210 2812 tur·

278 2864 424 2951 pimdine
458 2863 670 2954 sordibusque
700 2860 916 2944 'disceptando
954 2861 1150 2943 expositis,
1171 2863 1212 2927 ad

276 2981 362 3047 blan
385 2982 523 3047 escendit
555 2983 649 3062 longe
683 2976 879 3044 utilissimam
901 2968 1210 3057 praestantissimam·

279 3112 344 3177 que
369 3096 506 3160 hominis
534 3096 738 3175 medicinam,
777 3111 868 3176 quam
893 3109 952 3156 nos
979 3109 1018 3156 ex
1045 3090 1105 3154 hoc
1124 3088 1209 3172 ipso

274 3206 501 3274 declaravimus
534 3195 624 3286 loco,
665 3230 764 3289 quum
797 3211 837 3276 de
869 3205 1028 3275 Socratica
1049 3208 1209 3292 patronam

275 3336 453 3411 egeremus.
506 3323 571 3414 De,
584 3323 794 3406 corporibus,
836 3327 878 3392 ait
905 3326 1055 3409 Hospes,
1099 3323 1210 3388 medici

273 3440 439 3529 indicant,
472 3457 537 3504 non
578 3454 675 3520 posse
706 3456 823 3520 corpus
849 3433 957 3505 allato'
972 3437 1045 3504 cibo
1076 3440 1211 3522 nut'riri,

274 3571 461 3639 areaquam
491 3554 709 3639 impedimenta
741 3555 811 3637 quis
838 3555 1022 3621 nutritionis
1062 3558 1208 3642 ejecerit:

275 3673 343 3760 pari
363 3671 505 3753 ratione,
522 3672 578 3755 qui
600 3671 736 3738 animum
759 3673 885 3741 student
907 3692 1064 3758 purgare,
1087 3676 1127 3742 de
1145 3677 1211 3741 ani·

275 3804 330 3858 mo
355 3788 518 3877 judicant,
540 3807 606 3857 non
635 3790 724 3876 prius
745 3791 829 3860 bunc
849 3811 889 3866 cx
906 3793 1012 3862 allatis·
1032 3793 1205 3879 disciplinis

1125 3911 1208 3980 fruc·

306 4039 354 4118 (a)
373 4031 460 4117 soph.
478 4047 538 4106 καί.
557 4046 592 4102 Δ.
614 4048 784 4120 ·····2a7.·n.
