2992 5220
658 465 851 529 ..m-

276 630 325 699 sie
348 627 476 710 quidem
488 628 558 691 'uos
576 643 691 709 sponte
708 626 844 694 nativam
862 629 959 694 trium
979 629 1092 696 artium
1114 633 1213 698 maxi·

276 765 420 825 marum,
451 743 635 828 cogitandi,
667 745 787 810 dicendi
816 765 852 810 ac
878 746 1034 812 scribendi
1056 749 1219 816 rationem·

274 862 491 944 assequimur:
515 879 595 943 quae
618 863 646 927 si
665 861 859 945 phiiosophi·
879 882 914 929 ac
944 865 1085 931 rhetores
1100 883 1217 932 atten-

277 978 399 1046 dissent
423 980 530 1063 pauiio
554 966 756 1062 diligentius,
778 979 962 1063 simplicius.
978 1000 1054 1047 sane
1080 982 1216 1047 rectius·

277 1113 342 1180 que
374 1097 415 1162 de
444 1097 552 1162 harum
588 1095 701 1161 artium
727 1095 890 1179 principiis
920 1098 1099 1181 studiisque
1130 1098 1215 1183 egis·

275 1216 360 1280 sent.
402 1211 529 1298 Quodsi
550 1213 626 1279 haee
644 1212 775 1280 maxime
790 1215 939 1280 natumlis
962 1215 1121 1282 dialectica
1139 1232 1212 1297 est,

278 1334 343 1413 qui
370 1331 494 1396 tandem
521 1331 640 1396 ratione
669 1329 715 1395 sic
746 1334 851 1409 intus,
886 1346 922 1396 ut
942 1331 995 1397 ilie
1015 1349 1215 1412 vocam-no·

274 1445 391 1513 hircum
407 1447 606 1531 colloquentes
630 1445 662 1505 id
681 1444 879 1522 assequimur
897 1446 984 1524 quod
1004 1465 1114 1513 verum
1127 1447 1209 1514 estu

274 1562 358 1629 Nam
388 1565 450 1627 huc
471 1572 592 1640 spectat
619 1557 723 1622 omnis
749 1558 818 1623 sive
837 1559 994 1642 cogitandi
1011 1562 1080 1627 sive
1098 1563 1211 1630 nobis-

274 1696 346 1742 eum
372 1671 574 1754 colloquendi
604 1691 668 1736 ars.
719 1671 771 1738 Fit
799 1671 901 1753 illud,
938 1688 975 1737 ut
1000 1693 1039 1739 ex
1060 1681 1130 1742 toti
1154 1678 1211 1743 hac

275 1790 386 1858 nostri
421 1790 461 1855 de
489 1788 630 1854 Platonis
661 1788 817 1855 dialectica
852 1790 1067 1874 disputatione
1100 1808 1209 1877 patet,
1270 1867 1275 1876 ,

271 1907 423 1977 rorando
443 1905 693 1993 jungendoque„
722 1907 880 1974 cernendo
905 1908 1069 1976 videmus:
1102 1911 1211 1993 unde,

276 2027 365 2109 quud
399 2024 693 2105 animadvertimus,
734 2047 862 2090 cernere
890 2028 975 2109 apud
1006 2027 1139 2094 Latinos
1164 2032 1212 2097 ui·
1282 2028 1285 2033 ’

274 2143 369 2211 dandi
390 2142 965 2229 habetsiguificatiunem31'ungcndis
984 2159 1108 2227 autem,
1130 2165 1212 2228 quse
1234 2148 1237 2153 ’

273 2262 479 2329 discrevimus
507 2276 601 2343 ante,
633 2260 833 2343 cogitamus,
865 2259 1063 2342 invenimus,
1090 2262 1212 2346 judica·

273 2398 368 2448 musa
403 2378 490 2461 quod
522 2377 596 2442 item
626 2377 840 2443 demonstrant
872 2377 1007 2461 linguae.
1050 2379 1132 2445 Nam
1159 2400 1211 2446 co-

272 2501 383 2585 gitare
413 2495 489 2578 quid
516 2494 599 2559 aliud
627 2509 699 2575 est,
734 2512 827 2574 quam
854 2495 1032 2579 roagium,
1053 2515 1211 2580 coegere,

275 2633 390 2700 cogere
419 2614 443 2679 i.
465 2630 496 2678 e.
524 2613 688 2697 iungere?
717 2612 895 2677 combinata
919 2612 1030 2677 dicunt
1057 2613 1212 2678 recentio-

274 2748 326 2794 res
344 2729 392 2792 (¹).
436 2730 540 2810 Cujus
566 2728 611 2793 rei
629 2728 656 2792 si
680 2727 753 2792 item
775 2728 849 2808 quis
870 2730 1046 2810 exemplum
1067 2731 1214 2813 expetit,

274 2843 310 2912 in
338 2856 467 2926 promtu
490 2856 551 2906 est.
603 2840 648 2904 Et
674 2843 854 2921 Xenophon
882 2859 915 2906 et
941 2844 1070 2908 Servius
1103 2847 1213 2929 Sulpi·

275 2962 369 3043 eius,
412 2961 446 3024 in
467 2958 529 3022 hoc
555 2957 642 3021 intus
669 2955 806 3039 ipsorum
831 2957 1022 3039 colloquio,
1053 2963 1212 3028 cernendo
1306 2992 1311 3008 ·

278 3078 475 3157 maximeque
504 3071 665 3158 jungendo
702 3070 886 3152 reputabant
922 3090 1030 3140 secum
1074 3075 1216 3144 invenie·

278 3196 439 3276 bantque,
463 3188 537 3269 hic,
560 3188 637 3270 quid
657 3187 896 3253 existimandum
921 3190 961 3255 de
989 3193 1084 3260 rebus
1103 3195 1214 3262 huma·

1136 3330 1212 3396 nts,

225 3539 229 3548 ·
314 3513 355 3583 (ι)
384 3511 548 3579 exprimunt
568 3509 676 3580 linguae
696 3509 774 3577 pleno
794 3511 962 3566 dialecticam
983 3512 1120 3567 Platonis:
1158 3533 1214 3586 nec

277 3614 366 3669 ainus
385 3621 514 3676 nostrus,
542 3630 623 3682 quam
653 3613 787 3682 entiquae.
830 3611 984 3680 Διιίρεσεις
1010 3629 1037 3664 r.
1064 3631 1089 3667 e.
1116 3600 1214 3674 nostro

278 3712 442 3773 eardoeien,
461 3710 618 3772 miserim,
638 3710 804 3780 συναγωγαὶ
820 3726 879 3759 eum
900 3707 962 3759 aiii»
970 3711 1084 3764 vocibus
1095 3721 1152 3768 tun
1167 3713 1213 3768 hi·

271 3800 395 3874 'meam
414 3811 578 3882 baegrj'pau,
595 3807 756 3870 balniaco,
785 3807 915 3860 francico
936 3809 965 3860 in
991 3813 1086 3879 primia
1105 3817 1214 3869 combi-

279 3933 330 3968 m
349 3909 533 3983 signifimiur
549 3913 577 3958 ot
594 3905 775 3961 doehrantm.
810 3906 910 3964 ‘min
930 3910 1041 3967 omnino
1050 3929 1130 3969 verae
1143 3913 1212 3984 phu.

278 3992 416 4079 iunipiris·
432 4004 538 4074 ungu·
557 4012 629 4056 suut
