2992 5220
809 476 978 540 ...28-

421 650 567 721 inscentis
587 649 799 734 perspiciens,
822 652 1009 734 optimarum
1030 672 1131 719 rerum
1152 655 1263 720 studiis
1286 659 1353 737 ple·

422 787 497 835 uum
517 783 548 833 et
570 766 659 849 quasi
678 766 865 851 gravidumc
888 774 1072 848 Ὠδίνεις
1099 774 1198 852 γὰρ,
1224 770 1352 852 inquit,

421 883 579 968 ὦφίλε
607 886 835 962 esaiam,
869 886 1221 967 saevassaeuas
1252 885 1349 955 ἀλλ’

420 1003 615 1084 ἕγκύμων
652 998 775 1069 εἶναι.
831 999 1053 1068 Parturis
1093 1002 1350 1084 scilicet,o

419 1116 834 1194 amiceThcaetete,
864 1132 1100 1203 propterca
1131 1118 1351 1204 quodnam

418 1251 581 1300 vacuus
615 1253 681 1314 as,
711 1230 781 1297 sed
804 1249 1071 1318 praegnans.
1320 1304 1326 1313 ,

461 1349 516 1415 Sic
548 1365 651 1414 sermo
679 1347 821 1433 procedit
848 1346 924 1427 iile,
965 1362 1051 1414 totus
1083 1350 1122 1414 ad
1153 1350 1350 1417 excitandum

421 1466 513 1552 pueri
544 1465 704 1550 ingenium
738 1465 1012 1545 accommodatus;
1049 1484 1085 1532 ac
1116 1465 1238 1549 profert
1264 1467 1352 1533 deiu-

420 1602 497 1669 ceps
518 1583 711 1650 Theaetetus
731 1595 763 1646 et
785 1581 875 1664 quasi
896 1581 978 1665 parit
999 1582 1126 1671 ingenio
1146 1583 1245 1649 varias
1265 1584 1350 1650 iden·

420 1699 515 1765 tidem
545 1696 694 1763 scientiae
721 1696 932 1762 definitiones.
978 1698 1041 1763 Sed
1065 1699 1159 1764 nobis
1188 1701 1241 1766 hic
1262 1703 1352 1784 paul·

421 1816 519 1898 iisper
550 1814 797 1881 subsistendum.
843 1815 1004 1881 Sententia
1033 1817 1114 1882 enim
1144 1817 1218 1883 haec
1241 1819 1352 1884 socra-

340 2002 344 2009 ,
421 1932 483 2014 tis,
504 1931 703 2017 paucissimis
722 1931 829 1998 verbis
857 1951 949 2014 quam
977 1932 1110 2015 piurima
1142 1947 1173 1998 et
1204 1934 1352 2015 gravissi-

421 2071 471 2120 ma
489 2051 677 2130 continens,
709 2050 862 2134 ejusmodi
893 2065 964 2130 cst,
987 2065 1046 2128 ut,
1075 2051 1151 2131 quid
1178 2050 1289 2116 efficiat
1318 2052 1351 2116 in

421 2184 551 2254 pectore
585 2167 722 2259 hominis
752 2170 820 2234 aeri
841 2186 951 2246 anaor,
992 2166 1222 2249 percipiendum
1256 2166 1351 2233 nobis

421 2285 592 2372 praebeat,
625 2299 692 2348 turn
731 2283 857 2349 inducat
886 2302 946 2348 nos
975 2297 1090 2366 sponte
1116 2282 1148 2348 in
1176 2283 1353 2351 Socraticae

421 2403 604 2485 disciplinae
621 2400 800 2481 rationem,
821 2400 1045 2466 nobilissimam
1067 2399 1253 2482 philosophi
1280 2431 1352 2485 par·

404 2523 561 2601 'amasim
594 2537 687 2602 quam
718 2517 787 2601 ipse
813 2536 887 2585 mox
913 2517 1058 2583 Socrates
1088 2528 1119 2581 et
1147 2517 1351 2600 expositurus

421 2635 598 2703 Theaeteto
624 2648 730 2700 estet
760 2634 940 2716 praegnanti
968 2633 1093 2716 juvenis
1119 2633 1246 2717 ingenio
1266 2637 1352 2701 adhi-

422 2752 561 2836 biturus.
604 2749 725 2813 Verum
754 2761 869 2830 spontc
897 2749 950 2843 hic
971 2749 1169 2831 quaerimus:
1192 2752 1275 2816 unde
1302 2753 1351 2818 hic

422 2867 457 2936 iu
478 2885 579 2950 puero
605 2865 673 2931 veri
701 2864 812 2930 amor?
835 2866 918 2930 unde
938 2864 1067 2946 hausit,
1090 2884 1171 2948 quae
1187 2867 1276 2948 edit,
1304 2886 1353 2936 re·

421 2983 566 3071 sponsa?
589 2981 718 3047 omnino
748 2981 826 3064 quid
854 2981 971 3048 discere
995 2984 1070 3050 esti
1098 2985 1189 3065 sive,
1212 3006 1274 3068 qua
1294 2987 1352 3052 ho·

423 3099 624 3169 moratione
653 3117 709 3181 per
739 3099 953 3182 semetipse,
986 3100 1053 3166 veri
1080 3101 1193 3167 ductus
1222 3121 1351 3184 amore,

425 3217 465 3284 ad
492 3217 745 3301 cognoscendum
776 3217 943 3299 procedit?
976 3218 1063 3284 Haec
1092 3219 1180 3302 prius
1207 3220 1353 3287 videntur

423 3334 632 3422 exploranda,
666 3353 783 3417 quam,
798 3335 892 3417 ‘quid
918 3334 961 3400 sit
991 3335 1123 3416 docere,
1154 3336 1240 3417 sive,
1272 3357 1353 3420 quae

421 3463 599 3540 parturistis
627 3452 705 3519 ratio
733 3451 796 3532 sit,
823 3451 1060 3534 investigemus.
1112 3452 1240 3520 Relicto
1260 3454 1355 3540 igitur

421 3589 495 3637 cum
517 3571 691 3635 Theodoro
718 3585 750 3635 ct
776 3569 905 3636 Socrate
934 3569 1133 3651 Theaetet0,
1156 3572 1353 3655 gravissimas

423 3684 479 3752 has
502 3685 718 3767 quaestiones,
741 3686 772 3751 in
798 3687 914 3767 quibus
944 3688 1049 3771 ipsum
1075 3689 1178 3773 agitur
1200 3689 1363 3773 cognitio·¹

421 3800 473 3867 nis
491 3800 641 3868 humanae
662 3803 765 3869 onmis
790 3803 997 3890 principium,
1021 3805 1090 3872 data
1121 3809 1217 3889 opera
1246 3804 1354 3886 explo-

424 3933 539 3987 remus.

1180 4190 1184 4195 ⁴
1248 4152 1359 4242 Quid
