2992 5220
646 466 843 530 ——16a-

278 667 310 719 et
342 647 444 716 Stoici
471 661 504 713 et
532 644 716 711 Scholastici
742 644 875 712 maxime
911 647 1014 713 medio
1055 663 1133 715 aeuo
1164 647 1213 715 fe-

270 746 410 848 cerunt,
453 779 568 830 temere
596 776 773 846 posuerunt
803 780 1010 843 quaecunque
1039 762 1108 829 sive
1137 783 1212 830 vera

280 889 349 953 sive
375 883 454 951 falsa
481 898 639 948 assumere
666 880 809 958 luberet,
854 879 1018 943 imovero
1047 878 1124 945 falsa
1153 899 1215 963 po·

282 1020 380 1082 nero,
410 1017 490 1082 quae
516 1000 789 1077 demonstrarent,
819 994 1001 1074 malebant,
1030 1015 1096 1075 quo
1119 997 1218 1080 majo·

207 1195 210 1202 ,
282 1139 348 1187 rem
365 1115 626 1198 scilicetingenii
644 1112 766 1179 laudem
787 1131 821 1179 ac
842 1112 973 1196 gloriam
999 1125 1158 1195 caperent.

237 1225 242 1242 “
324 1232 409 1327 Cupra
437 1247 515 1295 vero
536 1228 612 1293 haec
642 1227 685 1293 sit
714 1227 809 1293 trium
841 1228 962 1294 illarum
998 1229 1225 1294 methodorum

283 1361 393 1414 natura
423 1359 454 1409 et
482 1343 583 1425 ratio,
616 1344 655 1409 de
684 1341 802 1409 earum
819 1347 881 1426 jam
911 1364 1008 1426 porro
1039 1363 1111 1411 cum
1140 1363 1225 1425 usu„

281 1475 349 1526 tum
383 1460 518 1525 utilitate
545 1454 746 1535 dispiciamus
769 1455 961 1538 singulatim.
1008 1458 1123 1524 Valent
1151 1460 1220 1525 sin·

276 1577 372 1658 ¹gulae
397 1574 436 1643 ad
465 1571 719 1652 cognoscendum
749 1588 881 1651 verum3
917 1573 999 1656 sed,
1021 1579 1058 1638 ut
1081 1575 1223 1642 Socrati·

280 1675 339 1758 cae
358 1703 420 1754 est.
434 1685 586 1767 rationis,
615 1683 896 1757 adinveniendum
920 1708 972 1753 nos
996 1707 1220 1777 praeparare,

280 1804 525 1884 Aristotelem,
546 1808 675 1870 intanta
700 1804 784 1869 nobis
810 1803 1027 1890 persuadere,
1049 1806 1093 1872 ita
1112 1809 1223 1874 Plato»

281 1923 368 1989 aucae
393 1937 442 1987 eat
461 1921 494 1987 id
515 1919 645 2002 ipsum,
667 1939 733 2000 quo
756 1921 855 1986 tendit
876 1921 1049 2004 Socrates,
1072 1926 1221 2006 undeque

279 2027 470 2106 Aristoteles
509 2036 665 2120 proficit,
709 2041 851 2104 inveniro
890 2059 1012 2105 aarum·
1078 2042 1221 2126 Simplici

278 2157 333 2225 illa
368 2155 582 2238 interrogandi
622 2155 851 2226 consuetudine
888 2157 1052 2240 purgabat,
1072 2159 1219 2227 Socrates

279 2274 470 2342 audientium
502 2273 621 2338 animos
657 2273 873 2356 praejudicatis
907 2273 1138 2355 opinionibus,
1160 2277 1219 2341 elia

277 2391 444 2476 aiebatque
480 2393 513 2456 in
544 2390 582 2455 ii's
612 2404 645 2454 ct
679 2392 819 2455 studium
852 2405 887 2454 et>
918 2388 1097 2455 facultatem
1127 2391 1220 2456 invo-

275 2509 404 2591 niendi‚
426 2525 462 2575 ut
486 2512 686 2587 niterentur,
710 2509 796 2588 quod
819 2507 954 2573 dumus
978 2510 1033 2589 (θ,
1055 2509 1220 2575 invenires

276 2625 364 2691 unde
391 2639 476 2691 recte
494 2626 561 2708 ejus
591 2625 756 2708 disciplina
767 2631 946 2710 μαιευτικῆ,
970 2630 1119 2712 ἔλεγχος,
1143 2631 1218 2697 uel-

276 2762 388 2821 apate,
421 2745 572 2818 ἐπαγωγὴ
606 2759 751 2808 vocatur.
796 2744 1016 2808 Aristotelicae
1045 2762 1121 2807 usus
1152 2745 1221 2810 dis·

277 2850 412 2937 dplinae
441 2851 584 2936 egregius
625 2853 699 2916 item
742 2867 811 2932 est,
857 2873 1044 2934 quamquam
1085 2857 1219 2928 diverso

276 2970 469 3055 proposito:
504 2969 544 3033 ad
566 2969 812 3053 persuadendum
845 2969 980 3051 pertinet
1007 2974 1216 3059 hominihus,

277 3091 367 3173 quod
400 3088 563 3154 inventum
599 3102 668 3153 est:
712 3085 873 3167 valuitque
906 3087 1031 3155 iccirco
1057 3093 1151 3176 hujus
1179 3096 1214 3160 iu

274 3205 387 3289 primis
430 3202 508 3266 ratio
547 3203 586 3266 ad
622 3204 819 3296 eloquentiae
852 3207 1040 3287 explendum
1072 3228 1213 3292 munus,

275 3318 364 3402 quod
398 3317 613 3398 persuadendo
652 3321 802 3386 cernitur.
870 3323 995 3407 Quodsi
1031 3326 1216 3394 methodum

277 3433 478 3518 quaerimus,
502 3438 565 3516 qut
594 3437 737 3505 maxime
752 3440 798 3504 uti
819 3440 1027 3523 philosophos
1049 3441 1159 3523 decet,
1182 3445 1215 3510 si

277 3550 405 3635 quidem
432 3572 590 3618 summum
620 3556 772 3640 attingere
795 3557 828 3621 in
856 3555 1079 3638 philosophia,
1103 3556 1142 3622 i.
1176 3580 1209 3627 e.

273 3686 384 3737 verum
408 3671 440 3736 in
474 3672 569 3739 rebus
601 3674 770 3753 omnibus,
814 3673 925 3751 velint,
977 3687 1026 3738 est
1054 3693 1129 3740 sane
1155 3677 1209 3745 illa

272 3788 432 3876 Platonica
456 3790 603 3876 analysis.
647 3788 793 3859 Inductio
821 3788 905 3858 enim
933 3792 1062 3876 proprie
1091 3797 1210 3865 estad

1031 3938 1034 3945 .
1143 3928 1232 3985 m,-

227 4006 231 4011 ’
313 4038 567 4150 conruun-
607 4092 610 4099 .
712 4032 732 4079 '²
