2992 5220
803 471 977 533 ..44-

424 627 512 712 Ergo
545 648 738 712 quacumque
767 646 899 696 suntet
929 633 1070 714 quamvis
1101 651 1274 717 praestante
1302 644 1350 705 in·

424 743 515 825 dole,
555 749 701 812 utendum
734 746 905 829 disciplinis
949 765 1018 828 est,
1063 752 1180 833 quibus
1221 768 1348 822 naturae

421 876 630 927 succurratur.
673 862 741 926 Hae
765 881 840 926 veto
863 882 1012 944 quaenam
1040 868 1170 935 maxime
1192 868 1281 950 sint,
1302 867 1350 932 di·

419 976 566 1062 ligentius
589 979 650 1059 jam
674 977 891 1062 indagandum.

671 1152 732 1218 Dc
764 1157 1077 1225 arithmetica.

460 1333 496 1397 In
525 1332 644 1398 musici
675 1349 705 1399 et
735 1333 953 1417 gymnastico,
985 1334 1028 1397 ait
1056 1337 1200 1402 Socrates
1233 1338 1264 1401 in
1295 1338 1350 1401 iis·

417 1449 485 1516 dem
513 1450 562 1514 his
584 1467 655 1514 cum
689 1449 852 1513 Glaucone
874 1462 905 1511 et
924 1447 1093 1513 Adimanto
1123 1450 1347 1530 sermonibus,

414 1566 499 1631 lraud
528 1563 744 1646 reperiuntur,
785 1581 861 1642 quas
896 1564 1096 1646 quaerimus,
1139 1566 1345 1650 disciplinae,

416 1680 518 1743 minus
544 1678 635 1757 etiam
662 1679 694 1743 in
717 1679 836 1744 artibus
863 1680 1086 1750 illiberalibusa
1110 1680 1194 1750 forte
1213 1686 1276 1750 sint
1294 1704 1351 1752 ex·

415 1807 462 1858 tta
490 1794 570 1862 illas.
615 1796 680 1862 Sed
704 1814 783 1879 age,
812 1818 884 1864 curn
908 1799 1062 1866 nihildum
1089 1798 1127 1868 ali
1153 1802 1349 1875 hisdiscre·

416 1925 483 1977 tum
500 1928 633 1977 mentem
654 1914 786 1994 subeat,
809 1935 966 1983 sumamus
985 1917 1103 2000 aliquid
1121 1937 1255 1999 eorum,
1272 1938 1352 2001 quac

418 2029 565 2095 omnibus
591 2046 667 2095 sunt
698 2033 886 2098 communia.
952 2032 1037 2099 Tum
1068 2034 1214 2116 Glauco,
1258 2037 1349 2117 quale

416 2147 527 2213 istud?—
559 2149 691 2228 quaerit.
748 2149 811 2214 Cui
845 2150 1011 2229 Socrates,
1044 2151 1143 2215 veluti
1173 2152 1234 2215 hoc
1261 2170 1348 2216 com·

416 2281 532 2343 mune,
566 2264 693 2346 inquit,
733 2282 799 2344 quo
834 2283 943 2329 omnes
983 2278 1117 2335 utuntur
1144 2277 1176 2328 et
1204 2278 1284 2329 artes
1314 2280 1346 2330 et

416 2383 625 2466 cogitationes
646 2395 677 2444 et
709 2378 873 2457 scientiae,
916 2377 1002 2458 quod
1029 2391 1061 2443 et
1086 2378 1187 2445 cuivis
1217 2398 1346 2449 neccsse

416 2514 464 2565 cst
492 2512 528 2562 ut
557 2496 690 2577 primum
720 2493 831 2558 discat.
860 2528 905 2546 ·-
933 2493 1036 2582 Quale
1061 2513 1137 2560 vero
1163 2497 1248 2562 istud
1277 2510 1346 2563 tan·

414 2614 511 2680 dem?
533 2610 670 2675 -Vile
691 2610 810 2691 hocce,
833 2610 958 2694 inquit,
980 2631 1077 2679 unum
1094 2627 1126 2680 et
1147 2615 1210 2681 duo
1234 2630 1266 2682 ct
1285 2616 1345 2681 tria

414 2731 617 2814 dignoscere:
652 2726 723 2792 dico
744 2742 845 2793 autem
872 2728 1017 2795 universe
1038 2751 1201 2796 numerum
1223 2746 1255 2796 et
1274 2750 1346 2818 sup-

408 2848 615 2939 putationem.
678 2843 796 2908 Nonne
823 2843 903 2907 enim
937 2844 983 2907 sic
1012 2861 1048 2908 se
1077 2862 1125 2909 res
1150 2846 1265 2927 habet,
1310 2861 1346 2911 ut

416 2964 520 3032 omnis
543 2977 575 3029 et
599 2979 648 3028 ars
676 2973 709 3025 et
737 2957 877 3023 doctrina
906 2976 1013 3022 eorum
1043 2961 1217 3026 necessario
1249 2964 1346 3047 parti·

411 3103 489 3169 ceps
506 3082 575 3149 siti
595 3114 642 3131 —
662 3077 816 3143 Omnino·
835 3115 879 3127 -
899 3074 963 3140 Hic
984 3077 1129 3144 Socrates
1148 3078 1275 3145 miratur
1290 3100 1346 3147 an·

415 3203 534 3280 tiquam
571 3196 611 3260 de
646 3195 806 3258 Palamede
839 3192 1062 3277 traditionem,
1106 3195 1138 3262 in
1179 3200 1345 3284 tragoediis

415 3313 564 3390 obviam,
606 3309 694 3374 illum
732 3307 854 3390 fuisse,
897 3311 952 3392 qui
989 3331 1136 3380 numeros
1179 3315 1341 3382 inveniret.

412 3427 539 3517 Quasi,
579 3424 703 3507 inquit,
746 3438 819 3493 ante
846 3428 1035 3496 Palamedem
1064 3450 1123 3496 nec
1151 3429 1276 3493 ordines
1310 3430 1342 3495 in

412 3547 479 3614 acie
508 3546 662 3611 collocare
688 3541 927 3628 Agamemnon,
961 3564 1018 3611 nec
1045 3559 1139 3606 naves
1170 3558 1344 3626 supputare

399 3656 594 3751 ⁸potuisset,
616 3679 674 3728 nec
687 3678 764 3727 vero
780 3659 873 3743 ipsc,
897 3671 976 3738 qnot
997 3655 1122 3721 haberet
1144 3659 1260 3741 pedes,
1282 3664 1345 3730 sci.

410 3782 523 3854 visset.
555 3812 601 3831 -
632 3775 797 3842 Ridiculus
824 3773 969 3856 profecto
1000 3771 1155 3840 exercitus
1191 3777 1277 3859 dnx,
1314 3781 1343 3845 si

412 3896 491 3966 illud
517 3909 600 3961 essct
624 3890 755 3957 verum!
784 3925 829 3939 -
861 3888 961 3953 Estne
993 3887 1088 3972 igitur
1120 3895 1204 3976 quod
1238 3897 1340 3961 virum

410 4015 572 4091 militarem
608 4006 705 4091 magis
737 4019 880 4089 oporteat
905 4022 1118 4093 cognoscere,
1161 4029 1254 4093 quam
1286 4029 1345 4077 nu·

1282 4147 1344 4197 me·
