2992 5220
806 472 1000 514 -100—

436 637 496 714 χῆς
527 634 557 697 δὲ
588 640 771 716 ςιχκστικῆς
810 635 861 700 nul
897 636 1030 716 ἀνδρείαις
1071 632 1120 700 teni
1148 635 1238 716 Φύσει
1268 637 1359 710 δεινῆς

436 760 617 828 romonensis
646 760 706 823 τοῖς
732 751 897 831 ἀνθρώποις·
920 758 1029 817 καλῶ
1053 753 1092 818 δὲ
1122 754 1253 818 αὐτοῦ
1283 754 1360 830 ἐγὼ

435 867 480 932 ri
509 866 763 946 salpinates,
787 866 1027 932 κολακείαν
1049 861 1093 927 (¹³.
1138 861 1275 928 Villetur
1304 866 1365 926 mi·
1406 922 1410 931 .

434 977 469 1042 iti
497 999 557 1044 esse
582 976 717 1044 studione
751 977 925 1064 quoddam,
965 1000 1025 1045 non
1048 977 1169 1065 quidem
1196 994 1269 1045 erte
1292 1000 1363 1045 con·
1436 1032 1441 1039 .

433 1109 576 1174 tentum,
598 1094 652 1160 sed
674 1098 793 1180 ingenii
810 1098 953 1180 sagacis,
975 1100 1104 1181 aptique
1126 1096 1250 1160 nature
1266 1112 1296 1161 ee
1309 1112 1364 1183 po·

433 1216 526 1278 tentis
556 1211 602 1277 nd
624 1213 779 1277 leoninum
817 1211 877 1276 sibi
911 1210 1157 1283 consuetudinem
1192 1212 1364 1276 conciliant·
1432 1224 1435 1228 ’

428 1326 747 1393 damrsummnrn
779 1343 923 1394 nutent
951 1328 1112 1409 ejus‘et
1141 1339 1362 1412 enputnp·

426 1443 547 1530 pello
579 1442 896 1510 adulationem.
958 1442 1042 1507 Hinc
1083 1440 1196 1521 efficit,
1238 1454 1358 1504 tantum

430 1556 563 1639 abesse,
596 1574 656 1641 ut,
679 1577 760 1639 quae
788 1559 916 1623 summis
944 1557 976 1621 in
1001 1559 1123 1622 coelum
1146 1554 1288 1621 laudibus
1313 1551 1360 1619 ef-

430 1672 505 1739 ferri
531 1676 612 1740 solet
648 1672 768 1738 dicendi
797 1692 872 1754 ars,
915 1672 1007 1758 digua
1034 1673 1084 1739 his
1115 1672 1260 1737 laudibus
1292 1671 1359 1752 sit,

430 1805 467 1856 ut
489 1808 530 1856 ne
554 1809 603 1856 ars
636 1788 762 1871 quidem
791 1790 853 1856 dici
883 1789 993 1856 debeat
1015 1806 1047 1856 et
1068 1807 1142 1855 vero
1172 1788 1211 1853 ad
1242 1785 1361 1871 gravis·

428 1908 542 1978 simum
559 1907 710 1989 pertineat
726 1904 862 1972 hominis
887 1905 1120 1972 detrimentum.
1163 1905 1246 1970 Natu
1271 1903 1362 1985 quid-

428 2024 462 2089 ni
486 2024 662 2109 pertineat,
685 2022 844 2104 ait,cu1n
867 2023 963 2089 studii
989 2043 1060 2106 pars
1084 2022 1125 2088 sit
1149 2022 1287 2086 omnium
1313 2022 1359 2090 vi·

429 2137 543 2230 lissimi
575 2140 862 2224 abjectissimique,
894 2140 1114 2207 adulationis?
1157 2138 1281 2221 Fingit,
1310 2139 1360 2204 his

427 2253 472 2318 ita
502 2255 678 2337 explicitis,
721 2257 864 2322 Socrates
890 2256 957 2322 sive
984 2262 1073 2341 uuile
1101 2256 1171 2322 sive
1188 2255 1357 2340 apologum

427 2366 466 2433 de
495 2369 663 2435 adulatoria
693 2385 780 2453 arte,
803 2388 866 2453 quo
896 2384 993 2436 totam
1022 2371 1055 2436 in
1083 2373 1153 2437 luce
1179 2371 1269 2455 ponit
1298 2373 1357 2438 So·

425 2484 598 2569 phistarum
618 2488 814 2554 calliditatem
832 2508 867 2553 ae
885 2487 1134 2571 perversitatem.
1178 2488 1259 2554 Sunt
1283 2509 1359 2570 qua·

427 2615 502 2669 tuor
530 2604 599 2671 sive
621 2619 702 2670 artes
732 2605 801 2670 sive
827 2623 900 2685 res,
932 2605 1058 2686 inquit,
1088 2606 1181 2672 rebus
1213 2606 1357 2671 humanis

426 2719 577 2802 perutiles
608 2734 640 2786 et
675 2721 888 2803 necessariae,
932 2741 1062 2804 quarum
1100 2722 1178 2800 duae
1208 2723 1358 2804 corpori,

425 2837 505 2903 duae
520 2837 633 2904 'animo
660 2839 876 2922 prospiciunt:
901 2839 971 2904 illae
1000 2854 1075 2903 sunt
1097 2842 1292 2922 gymnastico
1323 2852 1356 2906 et

423 2953 600 3037 ntedicinn,
623 2956 701 3036 hae,
723 2955 785 3019 illis
812 2960 1005 3040 innisusque,
1027 2957 1221 3042 legislatoria
1241 2969 1272 3022 et
1285 2957 1358 3043 jus·

423 3073 521 3137 titia:
548 3089 646 3137 unum
672 3087 722 3138 est
750 3071 859 3138 harum
887 3071 1026 3137 omniurn
1053 3089 1219 3136 commune
1249 3078 1355 3135 consl·

422 3185 522 3269 lium,
544 3202 579 3252 ut
610 3187 769 3255 hominem
797 3188 927 3254 efficiant
958 3185 1042 3251 omni
1066 3198 1154 3267 parte
1179 3184 1353 3268 perfectum

422 3301 679 3386 absolutumque.
733 3303 830 3391 Quod
860 3304 997 3371 sentiens
1030 3302 1234 3383 Adulatoria,
1272 3304 1356 3369 haud

421 3421 524 3487 sciens
553 3422 704 3504 quidem,
727 3441 797 3487 narn
824 3423 903 3488 nihil
924 3423 1016 3489 habet
1035 3441 1107 3488 cum
1127 3421 1253 3488 scientia
1270 3441 1357 3488 corn·

422 3556 538 3616 mune,
579 3540 635 3602 sed
664 3541 864 3624 conjectans,
897 3541 1093 3629 in'quatuor
1121 3554 1219 3606 semet
1251 3554 1355 3622 partes

420 3651 549 3733 divisit,
589 3653 754 3738 induitque
781 3657 836 3721 has
866 3674 915 3722 res
941 3672 1088 3736 artesque
1113 3654 1276 3736 singulas,
1318 3663 1355 3714 ut

419 3784 491 3833 esse
512 3768 690 3851 singulatim
721 3771 905 3848 videretur,
951 3789 1082 3850 quarum
1115 3767 1254 3832 omnium
1282 3783 1355 3847 spe-

421 3883 498 3949 ciem
527 3899 726 3952 assumserat.
771 3888 817 3991 Ita
842 3884 976 3964 accidit,
1000 3883 1087 3962 quod
1107 3899 1190 3949 nunc
1221 3879 1288 3946 fieri
1307 3881 1354 3946 vi·

1302 3999 1355 4068 de-

453 4107 494 4179 (ι)
514 4105 599 4177 Gorg.
617 4108 667 4163 los
687 4105 716 4160 B.
738 4105 790 4162 lte
808 4106 842 4158 Α.
