2992 5220
407 585 409 587 ι
523 496 759 566 ·->117-·

157 683 254 751 porro
276 677 347 745 est,
371 663 459 746 quod
486 662 560 730 lecit
580 663 749 745 Socrates,
768 682 834 747 quo
857 661 952 728 modo
982 665 1013 730 in
1037 668 1091 734 lla

153 780 280 866 judiciis
309 779 501 864 disposuerit
524 793 611 862 pater
640 779 770 846 deorum
804 779 930 846 omnia:
955 798 1094 863 perspea

153 897 238 964 trisse
257 897 351 963 nobis
384 915 423 964 cr
444 897 494 964 his
517 896 702 976 suffecerit,
733 896 829 961 unius
861 895 911 980 agi
943 896 1091 962 veritatis

151 1014 358 1097 justitiaeque
381 1032 519 1079 caussam
549 1015 582 1079 in
613 1010 749 1079 Socratis
780 1027 812 1077 et
834 1011 972 1078 Platonis
1006 1010 1088 1095 phi-2

150 1129 308 1212 losoplril.
351 1129 470 1196 Verum
503 1148 568 1212 quo
599 1129 718 1212 magia,
740 1146 833 1210 quam
855 1127 901 1194 illi
919 1127 991 1193 hinc
1019 1128 1087 1194 due?

87 1309 89 1311 ,
147 1245 251 1311 xerint
279 1245 511 1327 eloquentiam,
543 1244 684 1328 quidque
702 1244 736 1309 in
757 1263 793 1311 ea
824 1263 979 1311 summum
1010 1245 1084 1328 sit,'

148 1360 328 1445 videamus,
351 1350 511 1446 adjicimus
536 1364 590 1428 hlc
616 1362 766 1429 Socratici
785 1362 940 1430 sermonis
966 1361 1082 1430 memt-

146 1476 220 1561 Ego
247 1478 366 1562 igitur,
387 1497 407 1543 o
427 1478 596 1559 Callicles,
618 1477 685 1561 alt,
706 1477 793 1546 hisce
810 1497 880 1545 sum
899 1476 1079 1547 rationibus
1108 1461 1113 1481 ’

143 1609 353 1674 commotus,⁴
372 1593 469 1675 idque
494 1609 630 1678 specto,
662 1595 922 1676 quemadmodum
947 1593 1079 1677 integro.
1166 1580 1172 1586 »Ὺ

143 1687 285 1790 sanoque
304 1710 406 1775 aninro
424 1729 526 1776 coram
547 1711 652 1795 judice
673 1712 869 1796 appariturus
887 1710 959 1777 sim.
1003 1711 1081 1776 Re:

143 1824 277 1906 pudiatis
298 1817 514 1910 ¹igitur'volgi
542 1827 742 1909 honoribus,
782 1830 942 1895 veritatem
970 1825 1081 1910 rapi-2

142 1940 228 2006 ciens
254 1939 365 2020 unice,
396 1958 520 2025 operam
551 1941 656 2023 dabo,
689 1956 748 2023 ut,
776 1943 881 2024 quoad
907 1945 974 2027 ejus
1000 1941 1077 2010 fieri·

137 2054 253 2138 possit,
283 2075 303 2121 o
316 2055 436 2139 ptimus
462 2056 629 2122 hominum·
653 2071 686 2123 et
717 2056 847 2139 vivam,
879 2059 946 2140 ετξ
967 2075 1078 2137 quum:

138 2172 332 2239 moriendum
359 2187 408 2240 est
428 2172 527 2252 mihi,
551 2173 675 2239 moriar.
721 2173 886 2242 Cohortor
904 2186 1008 2239 autem
1032 2185 1066 2238 et

113 2300 276 2354 ‘eaeteros
308 2289 472 2367 homines,
506 2303 656 2369 quantum
686 2308 842 2371 possum,
864 2303 896 2355 et
928 2307 1005 2355 vero
1032 2302 1066 2355 te

137 2402 209 2470 vice
238 2407 329 2484 med,
350 2405 389 2469 ad
414 2405 492 2468 hanc
527 2403 648 2485 vitatu,
680 2404 741 2468 hoc
774 2419 929 2469 certamen
957 2405 1074 2469 ineam

138 2521 235 2601 dum,
280 2521 367 2602 quod
393 2537 454 2604 ego
487 2519 633 2599 omnibus
658 2533 813 2604 praestare
845 2518 1074 2591 certaminibus¹

137 2635 221 2716 dico.
275 2635 448 2721 Exprobro
477 2651 579 2704 auteur
597 2636 655 2702 tibi
675 2635 859 2719 mollitiem,
892 2636 919 2702 si
938 2634 1066 2719 quidem

135 2752 258 2819 tibimet
288 2752 357 2838 ipse
389 2771 455 2820 nou
484 2772 553 2821 esse
581 2768 706 2837 praesto
740 2753 906 2837 potueris,
938 2753 1072 2837 quando,

131 2868 284 2955 judicium
307 2870 436 2937 instabit
457 2885 488 2938 et
510 2870 713 2957 dijudicatio,
736 2891 829 2951 quam
857 2870 951 2935 modo
972 2869 1062 2952 dixi3

54 3040 57 3048 f
134 2986 192 3053 sed
221 2987 349 3072 veniens
371 3000 408 3058 tu
430 2988 468 3052 ad
484 2989 642 3074 judicem,
664 2986 803 3071 Aeginae
823 2985 944 3066 filium,
973 2999 1065 3068 post·

133 3088 227 3186 quam
256 3104 310 3171 ille
336 3118 369 3171 te
389 3104 422 3171 in
441 3105 495 3189 jus
517 3102 680 3189 rapuerit,
710 3103 856 3171 oscitabis
883 3122 919 3169 ac
945 3102 1068 3168 ubera·

133 3219 183 3286 bis
211 3221 389 3303 vertigine,
418 3238 483 3286 non
514 3222 617 3286 minus
647 3240 739 3302 quam
762 3240 822 3304 ego
855 3221 927 3297 hle,
960 3219 1003 3284 ita
1027 3231 1064 3283 tu

132 3333 217 3400 illice
249 3332 398 3414 forteque
417 3333 489 3413 quis
520 3333 579 3398 tibi
599 3334 638 3398 ad
665 3353 820 3398 summurn
843 3334 976 3397 dedecus
1003 3334 1065 3397 ala·

131 3467 204 3534 pam
234 3447 355 3531 infliget
385 3447 535 3528 omnique
570 3447 761 3513 contumelia
789 3445 911 3512 afficiet.
977 3446 1068 3512 Haec·

130 3564 191 3630 tibi
222 3561 307 3630 forte
337 3563 477 3643 narrari,
520 3575 558 3628 ut
590 3559 715 3629 fabulae
743 3562 858 3630 seniles
891 3562 1062 3646 quaedum,

129 3680 299 3763 videntur,
344 3693 446 3763 tuque
471 3679 546 3745 haec
579 3679 780 3746 contemnis:
813 3697 870 3746 nec
901 3698 977 3746 vero
1004 3679 1063 3747 mi·

129 3803 201 3864 tutu
227 3798 294 3880 sit,
314 3816 375 3864 nos
405 3815 443 3865 ea
466 3811 687 3879 contemnere,
706 3797 735 3863 si
757 3797 882 3881 quidem
912 3816 1062 3879 quaeren-

134 3911 175 3976 do
196 3914 357 3995 possimus
380 3913 429 3981 his
450 3914 575 3983 meliora
598 3929 630 3983 et
651 3913 773 3983 veriora
790 3913 940 3984 invenire.
963 3915 1065 3984 Nunc

1006 4050 1060 4093 ve·
