2992 5220
645 500 838 577 ..ψ-ι

293 669 356 742 'E‘t
390 674 434 742 sic
462 675 613 759 quidem,
636 671 802 762 diligenter
821 675 872 744 his
901 675 1049 743 omnibus
1078 673 1119 742 dc
1136 674 1206 743 Pla·-

271 805 348 857 tone
377 790 510 873 aliisque
538 789 738 888 dialogorum·
763 789 944 858 auctoribus
965 790 1208 873 animadversis,

273 905 403 975 interius
431 907 524 974 nobis
558 906 735 990 perspicere
754 905 851 989 licet,
885 918 978 990 quam
1006 905 1059 975 ille
1077 905 1207 972 Musam

273 1023 487 1110 spectaverit,
519 1042 591 1092 cum
621 1042 736 1090 novam
759 1022 905 1090 inducere
935 1023 1048 1107 poisin
1078 1020 1209 1089 ctuttrc·¹

274 1121 340 1212 tur.
383 1143 560 1228 Explorate
588 1141 619 1207 id
642 1161 737 1225 supra
756 1142 819 1226 jam
841 1140 1028 1224 coepimus,
1049 1159 1148 1224 quum
1167 1139 1210 1206 de

267 1263 380 1352 pulcro
399 1279 585 1346 ageremus3
610 1258 642 1306 <¹³
663 1259 720 1338 sud
749 1275 858 1340 nunc,
891 1257 925 1324 ni
949 1255 1067 1340 fallor,
1098 1254 1211 1340 ephi·

274 1376 439 1461 losophiae
466 1375 655 1461 principiis,
678 1394 758 1460 quae
784 1398 894 1446 cerum
913 1391 1059 1462 spectat,
1082 1376 1206 1461 plenius

273 1493 488 1580 intelligimus.
531 1493 608 1559 Non
628 1506 693 1559 erat
722 1486 775 1559 illa
807 1492 904 1560 Musa
922 1491 1061 1561 Plutonis
1082 1495 1133 1560 vel
1153 1510 1211 1557 co·

273 1610 354 1678 mica
383 1612 435 1678 vel
471 1609 604 1694 tragicas
644 1612 760 1692 δημώδη
790 1609 899 1674 harum
933 1608 1084 1675 musicam
1114 1625 1211 1676 voca·

229 1814 231 1817 Ι
275 1727 352 1805 bnt3
375 1727 431 1790 sed
459 1731 512 1805 τὴν
535 1729 666 1807 tespicus
694 1723 879 1809 respiciebat
910 1730 1077 1809 μουσικὴν,
1108 1726 1132 1793 ἰ.
1154 1744 1211 1812 e.,

275 1837 507 1925 philosophiam
543 1839 649 1922 illam,
681 1859 762 1923 quae
791 1859 849 1908 nec
878 1841 1000 1926 placere
1027 1842 1209 1911 hominibus

275 1974 333 2024 trec
364 1954 527 2043 gratificari
551 1974 609 2023 nec
631 1975 707 2024 vero
730 1959 848 2026 adulari
875 1960 1037 2029 studeret:
1061 1960 1117 2044 qui
1135 1965 1212 2045 poe·

274 2090 375 2142 ttrnm
412 2054 510 2159 vulgo
549 2093 585 2140 ac
620 2074 833 2157 sophistarum
875 2091 1099 2159 oratorumque
1140 2096 1211 2147 mos

277 2188 360 2257 fnit:
383 2189 440 2256 sed
471 2190 533 2255 hoc
555 2187 619 2254 sibi
638 2189 768 2256 habetet
788 2191 880 2258 unice
907 2190 1129 2276 propositum,
1151 2207 1212 2275 ut,

243 2379 246 2384 ,
277 2290 401 2394 rejectis
415 2312 419 2323 '
434 2305 606 2388 inanibus,
635 2322 733 2389 quae·
746 2306 785 2373 ab
817 2306 866 2374 hin
895 2307 1210 2390 commendarentur,

276 2442 379 2492 rerum
407 2423 600 2507 simulacris,
631 2425 714 2508 ipsas
741 2441 792 2492 res
814 2422 839 2491 i.
864 2443 894 2491 e.
917 2428 1084 2493 ueritatem
1109 2423 1142 2492 in
1165 2426 1215 2492 lu·

179 2615 182 2629 Ι
277 2559 345 2608 cem
374 2538 561 2624 produceret
592 2542 728 2626 ejusque
753 2529 859 2613 amore
893 2541 1073 2609 incenderet
1097 2557 1213 2610 mortt-

277 2661 336 2726 lcs.
381 2657 471 2725 Hunc
490 2655 580 2724 Plato
606 2657 765 2724 Uranlam
786 2655 915 2723 Musam
934 2675 1049 2724 vocare
1065 2657 1210 2739 solebat,

265 2785 372 2858 'qtntn
399 2774 457 2860 qui
483 2775 646 2858 colerent,
676 2773 745 2841 sive
773 2773 986 2857 carminibus,
1008 2774 1076 2841 sive
1096 2773 1214 2840 oratio·

278 2892 397 2975 nibus,
437 2893 506 2961 slve
542 2890 721 2974 cuicunque
752 2893 875 2959 tandem
914 2889 1072 2959 scribendi
1105 2888 1216 2976 generi

280 3028 406 3094 operam
438 2991 611 3089 nauarent,
643 3009 703 3072 hos
735 3007 828 3074 lunico
858 3009 994 3077 scribere
1027 3008 1062 3075 in
1091 3006 1213 3094 generis

278 3123 406 3189 humani
434 3124 678 3188 emolumentum
709 3123 884 3188 contendit.
938 3127 1088 3205 Cumque
1119 3142 1214 3188 nemo

277 3238 378 3306 adhuc
396 3244 570 3324 poetarum·
584 3237 860 3321 scriptorumque,
881 3238 920 3304 de
944 3216 1013 3325 ejus
1033 3239 1214 3324 sententis,

279 3357 372 3444 digna
402 3357 458 3423 hac
494 3355 593 3423 Musl
619 3374 715 3440 opera
745 3355 913 3440 edidisset,
947 3358 1115 3427 Socraticis
1147 3358 1217 3443 ipse

279 3475 477 3543 sennonihus
510 3474 708 3559 scribendis,
741 3494 837 3544 artem
870 3477 1026 3546 scribendi
1052 3477 1216 3562 excoluit,

280 3610 361 3675 ottae
390 3606 509 3657 tantum
547 3592 729 3678 vulgaribus
768 3594 913 3678 artibus,
946 3614 1097 3677 quantum
1134 3596 1218 3660 Ura·

281 3709 353 3773 nius
372 3697 462 3776 amor
486 3708 607 3793 vulgari
634 3708 731 3775 amoti
753 3725 936 3794 praestaret.
987 3710 1132 3793 iniquius
1161 3711 1216 3777 cui

281 3823 366 3892 forte
392 3825 444 3890 ille
475 3825 515 3891 de
545 3824 673 3909 scriptis
706 3825 836 3892 aliorum
861 3826 1017 3910 judicasse
1050 3822 1214 3909 videntum

1055 3967 1057 3971 ’
1159 3942 1215 4008 sod

150 4083 151 4086 ’
206 4128 208 4133 ,
317 4071 362 4146 (ι)
380 4073 444 4133 Vol.
463 4075 486 4129 1.
506 4091 533 4142 p·
554 4078 613 4146 167.
633 4075 689 4146 174.
