2992 5220
645 446 835 524 ..148-

285 623 537 701 urrmerandoque
568 639 705 688 accurate
737 641 924 706 cognoscere
959 622 1102 700 discant,
1135 639 1207 688 ean·

284 742 353 807 dem
380 739 509 803 Theuth
530 739 581 803 'illi
603 740 784 822 Aegyptio,
807 739 875 802 sive
900 738 1056 802 literarum
1077 739 1207 817 quicun-

285 875 347 937 que
376 856 496 921 tandem
527 854 620 921 fuerit
654 855 831 934 inventori,
870 854 979 919 tribuit
1010 855 1109 920 Plat0.
1140 853 1206 919 Pri·

276 985 371 1037 ·mum
401 973 454 1038 ille
473 971 505 1037 in
536 972 655 1038 infinita
681 972 731 1037 illa
757 982 915 1038 'sonorum
952 971 1148 1036 multitudine
1176 984 1208 1036 et

278 1084 433 1155 'varietate
471 1108 542 1153 cum
576 1091 701 1156 vocales
732 1089 885 1166 attendit,
925 1103 992 1152 tum
1031 1105 1209 1167 consonas,

286 1202 425 1285 itemque
463 1224 539 1286 quas
570 1226 629 1272 nos
659 1225 771 1274 vocare
801 1220 900 1270 mutas
920 1205 1023 1270 literas
1058 1207 1208 1270 solemus.

279 1318 371 1385 Tum
400 1340 556 1388 consonas
580 1339 611 1390 et
636 1340 735 1387 mutas
767 1324 943 1404 pariterque
966 1324 1092 1386 vocales
1116 1338 1210 1401 quae·

288 1454 350 1518 que
380 1436 496 1504 mediae
521 1437 666 1500 dicuntur
694 1436 842 1499 discrevit
868 1455 885 1498 a
917 1453 951 1500 se
974 1436 1129 1516 invicem,
1152 1415 1209 1500 do·

286 1570 345 1618 nec
366 1555 552 1632 singularum
581 1548 758 1632 singulatim
781 1568 944 1616 numerum
968 1565 1101 1626 nactus,
1122 1572 1208 1617 com·

286 1667 373 1729 muni
401 1664 561 1731 universas
593 1666 720 1731 nomine
748 1667 897 1733 elementa
929 1668 999 1732 sive
1021 1668 1125 1732 literas
1156 1688 1212 1751 ap·

285 1780 426 1863 pellavit.
469 1781 505 1845 ln
538 1770 602 1863 quo
633 1796 707 1846 toto
732 1783 860 1867 negotio
881 1802 968 1849 mens
991 1785 1059 1868 ejus
1083 1802 1213 1876 cernen-

276 1897 328 1962 'do
359 1899 606 1982 iungendoque,
638 1901 765 1964 omnino
796 1900 983 1966 numerando
1013 1901 1210 1983 procedens,

278 1994 483 2082 'inventorum
519 2016 640 2099 peperit
667 2018 761 2100 longe
784 2017 1038 2098 pulcerrimum·
1057 2015 1212 2082 scribendi
1270 2016 1274 2022 ’

285 2151 342 2216 per
372 2133 476 2198 literas
500 2133 709 2215 alphabeticus
731 2134 894 2199 rationem.

185 2373 189 2382 '
278 2396 284 2408 ¹
394 2371 397 2376 ’
447 2352 678 2451 erotenus
709 2367 973 2446 Aristoteli,
1004 2367 1060 2433 od

247 2495 284 2522 ¹*
352 2474 659 2568 syllogisr'r'ca'm
692 2483 994 2566 tractandam,
1026 2487 1142 2550 riam

560 2601 931 2670 munirirPlato?

240 2829 247 2838 '
288 2832 295 2851 ‘
332 2835 417 2902 Haec
446 2833 565 2913 habui,
589 2849 669 2915 quae
702 2833 740 2896 de
765 2834 796 2895 vl
818 2846 849 2895 et
873 2819 1014 2896 ubertate
1038 2832 1215 2897 dialecticae

274 2948 487 3030 'Platonicae‚
515 2966 555 3015 ex
586 2947 664 3029 ipsis
700 2943 835 3010 Platonis
868 2942 1016 3026 scriptis,
1049 2945 1081 3009 in
1114 2947 1215 3013 lucem

271 3051 484 3156 proferrem:
518 3067 602 3131 unde
628 3083 698 3128 cum
715 3062 794 3139 alia,
816 3079 895 3142 quae
918 3062 957 3126 de
979 3064 1035 3128 hac
1058 3077 1124 3131 arte
1143 3083 1217 3148 pro·

268 3183 450 3253 'nutrciavit
491 3181 729 3261 philosophus,
772 3177 1011 3262 intelliguntur,
1051 3196 1117 3245 turn
1154 3183 1216 3248 hoc

291 3300 358 3382 ejus
391 3294 560 3376 explicatur
591 3293 739 3359 effatum:
772 3293 884 3360 donum
915 3317 982 3361 cam
1012 3319 1072 3362 csse
1102 3298 1217 3366 divini·

267 3414 340 3482 ‘tos
376 3411 422 3477 ad
455 3413 587 3477 homines
618 3411 755 3477 delatum
819 3426 894 3477 nam
925 3434 1133 3498 quaecumque
1173 3414 1221 3479 ad

274 3538 376 3597 ‘artes
394 3533 577 3618 pertinent,
608 3530 666 3593 bac
704 3530 769 3595 esse
799 3533 938 3592 inuenta.
983 3529 1108 3593 Novam
1130 3530 1217 3596 dein·

268 3648 331 3713 ‘de
377 3647 556 3713 methodum
598 3646 721 3711 induxit
759 3643 971 3723 Aristotcles,
1018 3663 1111 3725 quam
1148 3647 1218 3729 ipse

182 3756 185 3761 ’
269 3765 503 3846 ‘wrtoyrrrslr
529 3762 718 3846 appellavit:
755 3774 882 3842 eratque
918 3762 1014 3841 haec,
1055 3775 1217 3846 utsupra

267 3881 495 3963 “monuimus‚
523 3895 588 3945 tota
612 3900 630 3944 a
659 3877 813 3955 Socratica
834 3890 866 3943 et
887 3877 1044 3944 Platonica
1072 3878 1215 3958 diversa,

291 4001 412 4088 quippe
434 4001 472 4069 ad
509 3997 702 4084 probandum
734 3995 821 4081 quod
850 3994 991 4081 positum
1024 4009 1217 4079 erat,:non

302 4137 306 4143 ·
1178 4111 1220 4179 ari
