2992 5220
541 546 546 551 ¹
644 400 837 532 -rde-

273 635 394 700 ditione
412 632 484 702 haec
502 633 595 698 ratio.
639 632 737 716 Quod
759 633 831 715 quis
849 633 1058 718 excogitavit,
1081 618 1204 716 id'po'st

249 732 251 735 ¹
276 769 346 817 eum
367 750 497 816 maxime
519 763 550 812 et
580 745 741 813 factitatur
761 762 794 814 et
823 769 885 831 qua
902 752 964 816 late
980 760 1065 833 patet
1085 747 1117 811 ln
1140 766 1207 812 om·

276 886 333 933 nes
359 886 408 933 res
438 864 624 949 applicatur.
679 865 828 929 Fructum
858 883 897 931 ex
931 865 1067 930 inventis
1089 861 1208 945 posteri

277 984 453 1050 uberiorem
483 981 569 1062 fere,
603 999 696 1063 quam
724 983 896 1062 aequales,
917 982 1055 1063 capiunt.
1099 985 1143 1049 Et
1164 975 1210 1050 sie

278 1100 404 1182 quidem
443 1100 533 1165 Plato
559 1117 631 1163 curn
660 1096 818 1169 methodo,
841 1096 910 1179 ipse
935 1101 995 1162 sua
1023 1097 1211 1164 Socraticam

273 1218 485 1299 complexus,
510 1233 590 1296 quac
621 1213 861 1298 interrogando,
884 1214 1054 1294 eliciendo,
1078 1234 1212 1300 purgan-

278 1331 321 1397 do
340 1333 379 1396 ad
405 1330 764 1414 penitus-excolendum
797 1329 1085 1413 perficiendumque
1113 1334 1215 1398 homi·

279 1465 351 1514 nem
375 1432 515 1525 valeret,
534 1463 598 1508 eam
618 1444 723 1508 animo
742 1444 915 1525 concepit,
937 1447 1167 1531 scribendoque
1182 1464 1219 1523 et,

280 1563 435 1648 expressit
463 1577 495 1633 et
511 1559 675 1643 usurpavit
702 1559 913 1640 dialecticam,
947 1580 1028 1642 quae
1047 1579 1108 1629 tam
1131 1581 1216 1631 esset
1311 1591 1314 1600 ·

280 1682 317 1748 ed
345 1695 468 1743 omnem
500 1676 722 1741 humanitatem
745 1673 931 1755 fructuosa,
955 1697 1047 1757 quam
1073 1679 1111 1744 ad
1130 1680 1219 1747 inve·

281 1795 430 1862 niendum
446 1840 458 1874 ‚
477 1793 515 1859 ad
529 1807 610 1858 artes
628 1790 850 1873 doctrinasque
869 1804 901 1855 et
917 1792 1133 1859 discernendas
1154 1815 1219 1862 rec·

282 1925 316 1978 te
342 1925 376 1978 et
410 1910 582 1976 tractandas
613 1884 686 1992 afrta
714 1922 746 1973 et
780 1907 899 1975 efficax.
951 1909 1019 1975 Hac
1050 1911 1217 1996 ubertate,

282 2028 340 2094 hac
366 2028 480 2092 adres
509 2043 617 2090 omnes
642 2025 791 2090 humanas
825 2038 910 2092 recte
937 2026 1154 2107 provehendas
1185 2030 1219 2097 vi

283 2160 317 2213 et
344 2144 523 2211 efficacitate
548 2141 681 2226 insignis
711 2156 765 2220 est,
787 2141 866 2207 ratio
890 2140 943 2207 illa
970 2142 1123 2225 Platonis,
1166 2161 1220 2211 ex·

281 2263 431 2344 cellitque
458 2265 552 2346 longe
576 2258 750 2343 disciplinis
779 2260 921 2342 cunctis,
951 2280 1029 2342 quae
1054 2262 1123 2327 sive
1157 2262 1222 2329 dia·

282 2381 409 2448 lecticae
436 2380 504 2446 sive
529 2379 650 2463 logicae
670 2377 800 2444 nomine
826 2377 911 2460 apud
939 2378 1126 2445 recentiores
1145 2398 1221 2463 pro·

283 2496 418 2564 dierunt.
464 2498 516 2564 Ad
546 2496 720 2562 acuendum
746 2497 804 2562 hae
833 2495 992 2580 ingenium
1016 2493 1103 2579 fere,
1134 2515 1221 2579 prae-

283 2616 457 2698 sertimque
477 2616 517 2680 ad
536 2614 718 2698 disputandi
743 2629 839 2680 artem
859 2599 1071 2681 instruendam
1094 2617 1220 2696 valent,

281 2732 376 2801 enimi
402 2752 515 2799 sensus
547 2747 578 2799 et
598 2733 701 2799 studia
733 2732 787 2798 vix
811 2733 981 2816 attingunt.

231 2856 237 2869 '
325 2851 519 2918 Praeclarum
553 2849 614 2914 lroc
652 2865 727 2914 sane
755 2863 804 2914 est
837 2847 1015 2914 dialecticae
1046 2847 1223 2914 Platonicae

284 2968 484 3050 propositum
496 2989 512 3046 ;Δ
543 2967 600 3031 sed
639 2967 699 3032 hoc
730 2964 1009 3030 animadvertamus
1039 2964 1221 3045 praecipue.

285 3080 371 3146 Idem
392 3095 441 3145 est
470 3079 548 3143 illud
567 3097 632 3158 quo
653 3097 788 3147 caeteras
811 3080 885 3146 item
903 3077 1104 3162 disciplinas,
1127 3077 1224 3144 arith·

286 3195 451 3274 mentam,
476 3193 698 3277 geometriam,
721 3197 943 3263 astronomiam
978 3196 1125 3262 colendas
1143 3194 1227 3280 judl-

287 3310 391 3392 cavit,
424 3327 489 3393 quo
519 3306 637 3373 scilicet
665 3310 763 3392 magis
789 3313 827 3375 ad
854 3318 1020 3380 raritatem
1048 3313 1137 3394 quasi
1165 3328 1226 3379 tra·

197 3516 201 3524 Ι
288 3429 456 3509 heremur,
479 3443 609 3507 quoque
638 3426 833 3491 excoleretur
862 3429 959 3512 magis
995 3443 1028 3493 et
1057 3430 1227 3511 aperiretur

289 3562 439 3628 organum
468 3542 547 3609 illud
583 3542 722 3625 mentis,
755 3562 820 3625 quo
849 3562 915 3608 uno
953 3543 1067 3610 veritas
1094 3547 1229 3634 percipi-

289 3674 355 3724 tur.
393 3658 572 3726 'Sublimem
607 3660 747 3726 Platonis
774 3659 814 3726 de
848 3661 909 3727 hoc
940 3662 1121 3747 disciplinae
1152 3686 1230 3750 pro·

290 3775 398 3861 posito
429 3777 614 3844 sententiam
655 3778 693 3843 ad
721 3779 808 3845 hunc
844 3781 948 3845 locum
981 3782 1227 3865 reservavimus,

291 3908 329 3963 ut
358 3906 425 3960 tota
450 3906 482 3958 et
511 3892 632 3961 Graece
654 3910 890 3978 apponeretur,
916 3896 1037 3982 quippe
1056 3898 1099 3963 ad.
1120 3900 1233 3966 dialec-

287 4010 367 4080 ticae
388 4011 483 4081 finem
517 4011 746 4096 assequendum
784 4011 954 4100 inprimis
971 4015 1127 4084 idoneam.
1171 4015 1235 4081 Est

930 4129 934 4137 “
1198 4130 1236 4198 il·
