2992 5220
835 493 986 558 ..4..

442 628 509 714 reni
527 649 558 715 in
573 669 741 734 puerorum
766 653 875 719 animis
903 655 1091 740 suscitaret,
1111 659 1265 730 coeluum
1284 670 1379 735 arusi-

444 763 536 866 roar,
576 767 689 834 artium
732 769 931 856 principem,
972 775 1130 859 cujusque
1166 776 1237 862 ipsc
1270 784 1376 850 studio

443 874 582 965 ductus,
604 900 641 950 ut
662 884 755 953 nobis
788 888 884 955 modo
909 891 1011 974 patuit
1028 890 1086 973 1¹³,
1108 913 1227 963 novum
1253 897 1377 966 dicendi

443 1000 664 1084 scribendique
689 1022 787 1088 genus
809 1005 957 1074 induxit:
980 1007 1026 1103 sic
1050 1008 1247 1079 dialecticam
1276 1033 1294 1080 a
1317 1012 1378 1081 So·

443 1108 530 1184 crate
558 1132 715 1204 acceptam
752 1140 823 1189 eum
853 1124 886 1189 in
917 1123 1044 1190 modum
1070 1145 1143 1192 cum
1171 1128 1377 1212 informavit,

443 1248 512 1301 tum
532 1235 571 1301 cd
590 1237 730 1306 veritatis
750 1259 885 1306 amorem
910 1240 942 1306 in
965 1258 1135 1324 puerorum
1159 1245 1269 1312 animis
1294 1249 1379 1314 alen·

445 1344 519 1419 'cium
547 1353 711 1437 adhibuit,
732 1371 770 1421 ut
793 1375 877 1422 nova
905 1355 1063 1424 videremr
1081 1361 1196 1442 plane,
1227 1375 1313 1429 certe
1337 1364 1376 1428 ad

443 1470 545 1538 null'as
566 1489 631 1538 non
660 1473 874 1555 provehendas
896 1472 1077 1556 doctrinas,
1098 1473 1198 1557 ipsam
1217 1476 1376 1545 illustran-

441 1588 512 1654 iiam
537 1589 749 1672 tuendamque
774 1586 1028 1674 philosophiam,
1049 1607 1112 1657 una
1133 1606 1218 1660 esset
1236 1595 1375 1660 omnium

444 1701 665 1801 efficacissima,
729 1703 775 1772 Et
805 1724 882 1772 vero
918 1706 974 1774 hac
1000 1706 1082 1775 idem
1112 1708 1295 1794 disciplina,
1337 1726 1376 1778 ut

442 1820 571 1889 'caeteris
594 1818 667 1888 item
693 1821 916 1908 gravioribus,
945 1824 1002 1889 sed
1030 1824 1086 1891 hac
1117 1835 1219 1893 tamen
1243 1828 1375 1911 potissi-

443 1951 553 2022 mum,
575 1938 653 2007 illud
674 1938 868 2008 efficiendum
888 1940 1012 2007 censuit
1037 1955 1070 2009 et
1092 1945 1252 2026 quomodo
1277 1944 1379 2011 effice·

441 2042 531 2125 retur
549 2036 796 2141 demonstrovit,
828 2073 866 2124 ut
884 2058 1004 2125 animus
1032 2060 1071 2123 ab
1092 2059 1143 2125 his
1167 2060 1288 2127 umbris
1319 2059 1377 2127 fal-

440 2162 551 2261 siaque
569 2175 636 2244 veri
663 2171 847 2260 speciebus,
870 2172 987 2257 quibus
1007 2173 1153 2238 delectari
1177 2177 1294 2258 vulgus
1317 2175 1376 2240 ho·

442 2288 561 2361 minum
590 2292 757 2370 videmus,
786 2299 1000 2367 averteretur,
1031 2300 1185 2371 totusque
1208 2288 1373 2372 adipsum

437 2428 548 2478 vuum
570 2405 845 2488 contemplandum
865 2402 1025 2486 rebusque
1043 2390 1206 2470 hominuin
1226 2403 1377 2473 adhiben-

440 2526 516 2592 dum
536 2535 794 2602 converteretur,
817 2520 1010 2603 omninoque
1029 2520 1181 2587 emundo
1198 2521 1260 2588 hoc
1282 2538 1374 2605 spec·

440 2626 528 2706 iabiu
554 2637 587 2705 in
612 2656 705 2719 eum,
725 2637 781 2718 qui
799 2637 869 2701 sola
899 2648 1004 2703 mente
1030 2649 1062 2702 et
1082 2637 1275 2722 cogitatione
1303 2640 1375 2722 per·

316 2749 323 2763 '
440 2746 581 2840 cipitur,
603 2760 702 2836 νοητὸν
721 2753 877 2834 vocabat,
899 2753 1098 2819 educeretur.
1180 2767 1182 2771 ·

444 2875 452 2886 ’
481 2873 530 2942 Ut
550 2873 634 2939 hunc
660 2869 763 2937 omnis
781 2868 1001 2954 philosophiae
1026 2869 1120 2936 finem
1138 2888 1374 2953 assequeremur

438 2978 631 3075 aliquando,
660 2987 778 3057 versati
802 2984 858 3052 diu
888 2983 920 3051 in
945 2984 1108 3070 principiis
1140 3004 1275 3072 sumus,
1306 3008 1373 3072 quo

437 3113 508 3179 ucri
537 3127 693 3187 amorem,
732 3101 959 3187 principiorum
981 3103 1121 3171 omnium
1145 3102 1185 3170 ad
1212 3104 1373 3174 veritatem

438 3221 641 3308 indagandam
661 3221 757 3304 longe
787 3218 934 3304 princeps
962 3234 996 3287 et
1022 3219 1289 3306 efficacissimum,
1319 3242 1374 3291 ex·

437 3344 632 3426 ploraremus
667 3335 860 3422 diligentius.
926 3338 1100 3406 Consecuti
1137 3354 1241 3406 autem
1271 3336 1371 3421 inde,

408 3456 414 3466 ’
438 3456 576 3540 opinor,
597 3448 630 3521 e‘t
653 3453 715 3519 hoc
737 3472 871 3536 sumus,
893 3468 951 3537 ut,
974 3473 1055 3538 quae
1078 3450 1171 3518 nobis
1191 3470 1276 3518 nunc
1296 3472 1375 3522 coo·

437 3573 528 3639 cinuo
557 3572 740 3657 exponenda
764 3584 840 3637 sunt
865 3571 935 3638 sive
965 3567 1066 3635 officia
1091 3566 1162 3635 sive
1187 3569 1372 3640 adminicula

340 3712 342 3717 ·
437 3690 505 3759 sive
528 3689 653 3771 media,
676 3707 757 3772 quae
773 3690 870 3772 vulgo
894 3683 955 3751 dici
973 3685 1096 3765 solent,
1116 3684 1264 3754 adfinem
1282 3687 1371 3755 illum

435 3807 673 3894 attingendum,
694 3807 719 3873 i.
743 3824 773 3871 e.
796 3803 979 3887 disciplinae
995 3803 1128 3888 majores
1152 3801 1372 3888 imprimisque

444 3910 449 3939 ⁵
496 3944 500 3951 '
1294 3920 1388 4006 illa,

470 4060 513 4133 (ι)
533 4054 599 4115 ιιι.
618 4056 658 4112 ιι.
677 4055 709 4110 r.
728 4055 752 4110 1.
769 4073 797 4124 p.
817 4053 876 4110 ua
