2992 5220
690 435 890 497 -226-

318 626 369 679 tur
397 609 617 691 veritaremque
652 609 682 673 in
720 611 758 673 iis
797 610 943 674 omnibus
990 608 1149 691 perspicit.
1212 614 1250 677 '0

321 734 376 811 μὲν
392 732 453 811 γὰρ
474 733 669 806 συνοπτικὸς,
694 730 890 801 δικλεκτικές·
910 730 923 793 ὅ
943 730 973 795 δὲ
992 731 1053 807 μὴ,
1076 730 1117 793 οὔ.
1163 725 1250 788 Haec

322 843 519 927 percipienda
559 845 644 908 Plato
683 843 848 907 arbitratus
884 857 931 907 est
968 862 985 905 e
1014 843 1248 923 disciplinarum

322 932 516 1039 maxiiaeque
545 957 720 1023 dialecticae
750 957 877 1025 studio:
912 958 1029 1039 quique
1058 960 1101 1022 sic
1133 958 1170 1021 iis
1199 976 1253 1020 ex·

321 1074 427 1139 cuitus
459 1073 584 1156 ingenio
613 1075 779 1157 animoque
805 1090 893 1139 totus
926 1090 992 1155 est,
1016 1078 1098 1140 hunc
1123 1096 1139 1139 e
1163 1093 1256 1157 spee-

321 1189 408 1256 tabili
435 1194 550 1256 mundo
577 1206 731 1273 tamquam
755 1212 793 1258 ex
812 1209 901 1258 antro
932 1195 1085 1274 quodam,
1109 1192 1255 1256 inmun·

322 1307 395 1372 dam
418 1315 536 1389 aeneia,
569 1309 601 1372 in
630 1308 723 1391 ipsius
755 1309 893 1375 veritatis
930 1328 1057 1390 regnum
1091 1310 1256 1374 escendere

321 1425 493 1490 contendit.
556 1427 652 1509 Quod
682 1426 865 1503 philosophi
896 1424 1023 1486 effatum
1050 1444 1117 1487 non
1158 1425 1257 1489 semei

318 1542 380 1626 jam
431 1537 762 1619 eammemomvimaas3
794 1539 846 1602 hic
889 1553 990 1602 autem
1040 1540 1254 1621 quaerimus,

323 1674 414 1733 quem
441 1651 626 1719 intellexerit
655 1655 705 1718 iiie
735 1654 884 1719 muaJum
917 1655 1132 1741 spectabilem,
1162 1660 1255 1728 τόπον
1329 1640 1333 1645 ¹

262 1826 272 1846 .
322 1774 423 1855 ipxaia
445 1790 537 1850 quem
554 1786 667 1850 vocat,
691 1790 783 1852 quem
806 1772 879 1836 item
912 1778 1010 1850 aeneia
1033 1773 1167 1837 voluerit
1186 1775 1255 1841 sive

322 1890 411 1957 τὲπεν
432 1888 498 1951 sive
529 1887 702 1965 mattulam,
736 1903 802 1953 tum
835 1890 984 1970 maxime,
1019 1911 1097 1973 quae
1125 1894 1254 1958 hominis

321 2006 403 2087 apud
433 2026 502 2069 eum
531 2006 573 2071 sit
597 2028 613 2069 e
641 2006 801 2093 spectabili
824 2006 935 2071 natando
967 2010 1001 2070 in
1026 2014 1123 2086 viaria
1155 2031 1255 2073 escen·

322 2126 390 2187 sio:
431 2140 510 2203 quae
539 2122 578 2186 ad
618 2122 709 2187 sanem
738 2123 893 2205 pertinent
926 2125 1077 2207 proprie,
1111 2126 1255 2208 philoso-

323 2238 413 2323 phiae
449 2239 514 2304 veri
552 2240 762 2321 propositum.
817 2241 873 2306 liia
902 2241 996 2323 igitur
1035 2244 1136 2323 qualia
1162 2244 1254 2326 sint,

324 2374 431 2433 nane,
470 2374 544 2438 age,
577 2376 647 2420 cum
685 2361 721 2422 ad
755 2357 845 2423 finem
880 2358 966 2424 illum
999 2360 1229 2442 pervenerimus
1240 2408 1257 2453 ι

323 2470 532 2562 explicemus.
