2992 5220
662 449 832 516 ..30-

277 614 355 679 risse
377 610 509 691 sufficit,
532 613 684 694 probasse
701 632 739 678 eo
767 614 933 680 scribendo
953 630 1137 709 auctorem,
1159 616 1206 685 in·

276 747 346 796 esse
375 728 511 793 hominis
538 728 641 796 anino
656 729 804 795 notiones
824 731 998 813 naturales,
1019 750 1136 814 easque
1156 734 1205 799 in·

274 846 461 931 terrogando
483 844 572 911 elici:
597 846 685 928 quod
707 846 872 928 aptissime
892 845 995 912 effecit
1020 868 1092 914 cum
1117 871 1205 918 serae

101 1020 107 1029 .
163 978 165 982 ’
276 963 478 1043 inducendo,
501 981 594 1046 quem
625 962 770 1030 Socrates
791 964 1018 1050 interrogaret,
1049 967 1121 1034 rudi
1139 987 1210 1035 orn-

275 1077 362 1145 nium
389 1096 492 1146 rerum
519 1093 552 1144 ct
578 1078 687 1163 ignaro
703 1079 854 1161 homine,
878 1095 945 1149 turn
965 1084 1205 1166 quaestionibus

275 1195 478 1263 instituendis
507 1196 547 1261 de
568 1198 759 1280 geometriae
789 1198 914 1278 initiis,
955 1218 1035 1281 quae
1066 1203 1206 1286 propriis

275 1314 389 1395 mentis
420 1309 621 1376 facultatibus
649 1324 828 1395 congruunt
855 1309 960 1378 unice.
1005 1314 1069 1380 Sed
1096 1317 1129 1382 id
1156 1318 1208 1402 ip·

269 1449 346 1496 ,sum
379 1428 510 1495 interius
544 1427 637 1493 ctiam
667 1427 699 1492 in
720 1427 887 1494 Phaedone
906 1430 1051 1497 Socrates
1070 1431 1208 1523 inquirit

275 1547 510 1634 elegantiusque
536 1543 688 1628 exponit,
732 1560 768 1610 ut
793 1544 893 1612 eidem
920 1546 1025 1614 visum
1056 1547 1205 1618 Ciceroni

274 1680 335 1735 est.
379 1664 482 1749 Quem
509 1665 640 1742 locum,
671 1661 740 1744 ait,
772 1666 872 1728 multo
904 1663 996 1729 etiarn
1028 1667 1204 1736 accuratius

241 1798 244 1803 ·
275 1779 411 1864 explicat
428 1778 461 1844 in
480 1797 517 1844 eo
538 1796 704 1860 sermone„
727 1798 821 1862 quem
840 1780 951 1849 habuit
969 1801 1008 1848 co
1032 1782 1103 1866 ipso
1125 1785 1202 1869 die,

276 1916 343 1985 quo
365 1895 500 1964 excessit
528 1915 547 1963 e
577 1897 653 1963 vita.
697 1897 802 1964 Docet
822 1897 928 1980 enim,
959 1901 1128 1986 quemvis,
1149 1905 1206 1988 qui

276 2016 416 2084 omnium
445 2033 546 2082 rerum
580 2015 667 2081 rudis
693 2033 763 2081 esse
783 2013 948 2099 videatur,
969 2016 1051 2083 bene
1070 2018 1204 2086 interro·

276 2134 362 2221 gnati
403 2132 643 2215 respondentem
680 2133 853 2213 declarare,
887 2151 925 2199 se
954 2152 1020 2199 uon
1048 2148 1116 2202 tum
1152 2137 1204 2205 illa

274 2252 417 2332 discere,
439 2251 495 2317 aed
515 2248 742 2315 reminiscendo
763 2267 1008 2335 recognoscere3
1039 2269 1098 2316 nec
1128 2271 1204 2319 vero

275 2369 344 2439 fieri
373 2371 439 2437 uilo
463 2368 559 2436 modo
585 2386 701 2461 posse,
722 2381 760 2431 ut
788 2387 807 2431 a
834 2364 942 2450 pueris
964 2379 1014 2435 tot
1034 2386 1137 2434 rerunt
1160 2383 1209 2434 at·

275 2506 340 2573 que
364 2500 516 2554 tentanum
549 2482 659 2550 insitas
687 2496 720 2548 et
750 2482 840 2563 quasi
869 2480 1068 2567 consignatas
1089 2483 1122 2551 in
1143 2485 1211 2552 ani·

212 2667 215 2673 ,
275 2605 334 2673 mis
364 2603 536 2679 notiones,
573 2619 652 2681 quas
683 2603 792 2676 ἐννοίας
824 2614 962 2681 vocant,
996 2599 1208 2686 haberemus,

274 2719 338 2788 nisi
358 2718 505 2797 animus,
534 2729 700 2796 antequam
733 2714 766 2778 in
797 2733 914 2797 corpus
942 2715 1145 2799 intravisset,
1170 2720 1204 2785 in

273 2854 377 2905 terum
395 2833 578 2920 cognitione
596 2830 762 2916 viguisset.
785 2829 816 2876 (¹)
862 2832 1119 2918 Sermonesillic
1143 2834 1204 2900 So·

275 2969 377 3022 cretes
396 2973 469 3021 curn
500 2950 628 3017 Simmia
649 2948 793 3033 inprimis
820 2964 852 3016 ct
873 2950 994 3017 Cebete
1013 2951 1052 3018 de
1074 2951 1205 3035 pristina

276 3073 408 3156 quadam
428 3069 522 3136 animi
542 3067 606 3135 vita
623 3067 741 3149 habet,
764 3087 856 3151 quarn
881 3081 1050 3150 postquam
1075 3087 1114 3135 ex
1132 3088 1208 3154 geo·

276 3186 404 3253 metriae
432 3184 594 3266 disciplina
619 3183 747 3266 effecit,
772 3181 913 3265 quodsi,
936 3182 1062 3265 inquit,
1084 3203 1106 3251 o
1127 3185 1208 3253 Sim·

277 3307 361 3387 mia,
382 3324 449 3371 non
467 3306 528 3370 hoc
549 3304 644 3369 modo
663 3301 721 3368 tibi
742 3320 806 3369 rem
822 3301 1014 3389 persuades,
1040 3302 1103 3368 alio
1130 3323 1208 3372 con·

275 3423 437 3495 sideranda
467 3437 538 3505 est3
578 3436 609 3487 et
647 3419 781 3504 primum
811 3419 937 3503 quidem
969 3422 1209 3505 quaerendum,

276 3542 355 3626 quid
372 3544 415 3615 sit
435 3539 612 3620 recordari,
635 3553 701 3604 tum
722 3533 877 3618 maxime,
899 3557 974 3604 num
997 3538 1058 3602 alia
1087 3539 1209 3608 ratione

266 3661 374 3741 urla,
388 3679 481 3741 qttam
502 3656 717 3735 recordando,
739 3657 778 3720 ad
805 3675 907 3719 terum
926 3653 1086 3737 possimus
1108 3655 1208 3719 scien·

274 3778 348 3847 tiam
369 3776 545 3867 pergerrire.
590 3774 653 3841 Hic
675 3774 819 3841 Socrates
845 3789 911 3837 rem
931 3766 1083 3835 continuo
1103 3765 1210 3835 exem·

1149 3883 1207 3967 plo

311 4008 354 4080 (t)
375 4004 434 4058 Cic.
452 4002 511 4054 eod.
529 4001 549 4053 l.
