2992 5220
651 488 698 504 —
718 472 780 534 ἰιι
801 487 845 517 -

166 612 168 616 “
278 635 561 703 adinveniendum
592 636 676 717 quod
700 606 929 717 quaerebatur,
958 636 1200 706 accommodata:

277 753 399 820 Abusi·
422 767 495 819 sunt
528 753 564 815 ei
611 765 673 815 tam
703 750 845 830 antiqui,
887 768 978 831 quam
1023 753 1202 821 recentioris

276 871 344 936 aevi
369 868 571 952 philosophi,
594 884 624 932 et
652 885 728 932 vero
748 866 793 931 sic
815 881 889 932 sunt
916 865 1032 947 abusi,
1055 881 1118 947 ut,
1140 873 1204 948 qna

228 1026 233 1037 ·
277 985 440 1067 disciplina
475 985 559 1049 nulla
592 998 676 1049 esset
704 985 742 1048 ad
775 984 932 1050 excitanda
964 983 1086 1066 ingenia
1112 1001 1203 1065 repe·

221 1102 224 1107 '
277 1101 476 1183 fiendumque
503 1100 663 1164 veritatem
686 1098 812 1182 aptior,
844 1101 949 1168 eidem
970 1101 1054 1166 nulla
1082 1099 1207 1168 videre-¹

279 1230 329 1280 tur
350 1217 409 1299 ipsi
430 1215 670 1299 philosophiae,
693 1216 717 1282 i.
738 1235 767 1281 e.
791 1215 957 1298 sapientiae
972 1219 1104 1297 studi0,
1126 1235 1204 1284 con·

276 1332 366 1396 traria
405 1333 516 1416 magis.
582 1333 662 1396 Nam
683 1333 738 1402 ,ad
764 1333 863 1398 nullas
909 1351 974 1397 non
1009 1334 1200 1415 opiniones,

275 1446 418 1529 quamvis
448 1449 539 1512 etiam
566 1462 598 1512 et
626 1447 775 1510 absurdos
811 1462 842 1512 et
872 1449 995 1512 veritati
1030 1468 1206 1533 repugnan-

274 1579 346 1645 tes,
368 1563 622 1647 syllogismorum
655 1563 686 1627 ui
709 1576 740 1628 et
757 1563 940 1628 auctoritate
961 1568 1088 1631 tuendas
1110 1586 1206 1631 usur·

276 1696 347 1765 pata
370 1695 431 1746 est.
474 1680 685 1745 Verumtamen
707 1678 775 1760 ipsa
803 1680 992 1761 methodus,
1015 1694 1051 1747 ut
1076 1681 1209 1765 exposi.

276 1811 306 1861 ta
335 1796 373 1860 ab
400 1794 573 1862 Aristotele
591 1793 714 1877 suerat,
736 1813 801 1860 non
832 1795 959 1877 minus,
980 1815 1072 1877 quarn
1088 1800 1207 1866 'induc-

275 1912 321 1977 tio
346 1928 378 1977 et
411 1911 570 1994 analysis,
603 1928 731 1977 natutae
762 1926 825 1978 erat
855 1926 1083 1993 consentanea,
1107 1929 1205 1980 recte·

276 2049 338 2111 que
353 2026 493 2095 adhibita
514 2026 645 2110 ingeniis
662 2028 838 2108 juvenum,
863 2026 902 2089 ud
924 2025 1070 2093 firmanda
1090 2029 1140 2094 illa
1167 2043 1208 2096 et·

274 2144 530 2224 corroboranda,
553 2143 714 2208 imovero
742 2142 781 2206 ad
807 2143 967 2208 veritatem
996 2158 1205 2228 propugnari

275 2261 343 2326 dam
379 2260 500 2326 naviter
537 2273 632 2341 atque
667 2244 717 2324 'ab
758 2259 900 2326 inanibus
949 2261 1206 2329 cavillationibus¹

273 2377 418 2445 tuendam
452 2376 574 2442 valebat
605 2377 740 2458 egregie.
783 2374 957 2460 Attigimus
979 2378 1052 2443 haee
1081 2398 1201 2462 supra,

274 2512 396 2573 quum,
417 2493 562 2576 appositu
592 2492 811 2576 syllogistici,
834 2495 987 2560 declarare
1013 2496 1201 2564 Socraticam

274 2599 485 2665 inductionem
517 2618 723 2665 conaremur:
767 2618 823 2665 nec
853 2600 947 2686 hujus
977 2617 1025 2669 est
1058 2604 1141 2684 loci,
1163 2623 1199 2671 ea

273 2736 370 2801 porro
390 2715 551 2800 persequi.
595 2717 680 2796 Sed,
704 2716 850 2799 explicita
869 2718 986 2801 analysi
1015 2720 1171 2785 Platonica
1184 2735 1205 2800 ,·

272 2835 435 2918 exquirere
470 2853 553 2899 nune
582 2835 692 2917 juvat,
737 2833 812 2914 quid
846 2834 966 2899 Platoni
1006 2836 1199 2904 Aristoteles

271 2970 343 3016 curn
371 2951 515 3015 universe
543 2949 580 3013 ad
602 2948 785 3013 tractandam
815 2948 1027 3027 dialecticam,
1059 2964 1124 3012 tum
1147 2967 1202 3013 ve·

274 3082 310 3128 ro
345 3066 435 3129 etiam
467 3065 505 3127 ad
535 3065 613 3127 hunc
646 3042 744 3148 ipsam
777 3063 994 3144 explanandam
1025 3063 1200 3146 syllogisti-

273 3199 339 3247 cam
371 3178 521 3243 rationem
547 3178 693 3245 debuisse
715 3181 867 3246 videatur.
1198 3156 1202 3161 ⁴

315 3294 433 3362 Ubivis
460 3293 645 3359 Aristoteles
680 3296 711 3359 in
742 3299 867 3379 seriptis
898 3297 963 3362 suis
995 3295 1110 3362 refutat
1131 3298 1201 3364 Pla·

272 3429 402 3480 tonemr
438 3409 519 3477 unde
548 3409 621 3474 haec
658 3411 777 3475 exstitit
804 3418 972 3480 multorum
1005 3415 1201 3507 eruditorum

273 3532 406 3615 opinio,
449 3546 517 3595 esse
551 3531 619 3613 ejus
671 3527 841 3592 doctrinam
883 3548 1014 3610 prorsus
1052 3533 1202 3615 omnique

272 3663 361 3732 parte
387 3646 563 3713 Platonicae
584 3644 780 3710 contrarium.
825 3645 890 3731 Qui
912 3665 999 3712 error
1033 3666 1088 3725 eo,
1104 3665 1134 3716 et
1158 3652 1202 3718 la·

272 3764 337 3833 tius
366 3763 480 3846 serpsit
511 3779 542 3829 et
574 3762 704 3828 invaluit
734 3761 852 3845 magis,
889 3783 954 3844 quo
987 3765 1201 3834 vehementius

273 3900 308 3950 se
335 3881 502 3963 aliquando
534 3880 716 3963 impugnare
745 3858 910 3962 utriusque
940 3882 1122 3968 philosophi
1142 3903 1199 3949 ns-

272 4000 394 4081 aeelae,
427 3995 578 4067 Platonici
605 4011 635 4060 et
658 3996 854 4063 Aristoteliei
883 4015 1066 4082 coeperunt.
1091 4000 1201 4063 Facem

1128 4116 1201 4187 dum
