2992 5220
655 453 850 532 *1⁶7-

277 630 349 715 da‘m
375 646 554 704 cmstmus.
603 631 668 717 Qui
684 647 771 715 post
799 650 871 699 eum
899 630 1083 697 exstiterunt
1113 628 1218 713 philo·

275 748 395 833 sophi,
438 750 484 814 sic
514 747 627 829 placita
665 747 730 814 fere
767 769 824 815 sua
858 748 926 814 sive
951 745 1113 829 analyticis
1147 747 1214 815 siae

274 865 461 952 symtlrcticis
482 865 804 932 demonstrationibus
833 876 1073 951 exposuerunt,
1094 875 1131 927 ut
1157 864 1216 928 do·

234 980 240 987 ’
272 981 482 1049 carentalios
516 982 686 1066 generique
717 984 854 1049 humano
882 981 1064 1065 sapientiam
1094 976 1215 1044 seilicet

273 1116 364 1165 sitam
391 1099 561 1167 traderent.
614 1095 689 1166 Non
715 1099 759 1166 ita
787 1101 897 1168 Plator
930 1098 1107 1181 quaerendo
1139 1114 1215 1179 pro

279 1218 364 1282 cedit
389 1235 537 1300 semper:
578 1232 691 1299 estque
720 1220 789 1302 ejus
824 1217 1026 1302 philosophia
1055 1233 1121 1282 noa
1149 1215 1215 1279 foi-

276 1337 362 1401 mula
389 1335 571 1414 doctrinae,
600 1352 667 1399 non
693 1336 817 1418 sylloge
841 1337 911 1402 sive
934 1347 1157 1418 aggregatum,
1181 1345 1218 1397 ut

273 1452 374 1535 vulgo
405 1453 602 1532 loquuntur,
630 1449 820 1531 placitorum
853 1451 1129 1534 gravissimorum
1161 1449 1218 1515 sed

275 1566 360 1636 viam
383 1580 538 1632 monstrat
557 1565 714 1647 maxime,
749 1569 813 1648 qua
841 1565 884 1628 sit
915 1567 1119 1649 philosophis
1142 1570 1219 1649 pro-

276 1683 488 1767 grediendum.
525 1681 608 1747 Nam
630 1683 676 1746 uti
695 1681 853 1747 cernendo
876 1684 969 1749 simul
987 1683 1216 1768 iungendoque

276 1799 442 1881 procedit,
480 1799 524 1863 ita
559 1797 679 1881 nobis,
712 1800 818 1882 ipsum
851 1799 1081 1882 sequentibus,
1121 1802 1218 1885 huius

275 1915 406 1982 rationis
438 1894 543 1981 ubiuis
576 1914 752 1998 exemplum
782 1915 900 1996 tradit,
927 1929 964 1978 ut
993 1915 1119 1980 adducti
1148 1934 1214 1997 quo

277 2030 348 2114 ipse
368 2029 533 2112 pervenit,
561 2029 633 2094 inde
661 2030 724 2112 ipsi
754 2029 861 2095 eadem
890 2030 1010 2095 ratione
1036 2030 1218 2114 progredia-

276 2166 361 2214 mur.
407 2148 526 2213 Rerum
541 2145 726 2212 naturalium
751 2159 1022 2229 perscrutatores,
1045 2148 1101 2229 qui
1121 2148 1218 2214 hodie

277 2279 386 2345 sunt,
429 2240 570 2348 magnam
607 2278 726 2346 partem
759 2264 973 2346 philosophos
1013 2264 1215 2346 despiciunt,

277 2381 399 2465 quippe
426 2399 509 2463 quos
533 2398 642 2446 omnes
663 2382 852 2446 arbitrantur
872 2382 924 2447 sui
944 2382 1123 2464 systematis
1144 2401 1217 2448 can·

278 2499 366 2564 cellis
391 2513 529 2565 naturam
558 2501 844 2583 comprehenderet
870 2500 897 2565 si
924 2501 1061 2584 legerent
1083 2500 1128 2564 illi
1147 2500 1216 2566 Pla·
1263 2589 1265 2593 y

279 2629 409 2698 tonern,
439 2616 469 2682 si
499 2616 681 2681 methodum
711 2617 896 2699 philosophi
929 2617 1218 2685 adinveniendum

277 2751 394 2815 resque
423 2750 533 2798 omnes
559 2708 792 2816 cognoscendas
813 2736 907 2816 plene
928 2746 1155 2815 accurateque,
1178 2752 1217 2801 ex

275 2851 346 2933 eq'us
379 2847 507 2931 seriptis
545 2849 671 2930 assequi
706 2849 899 2929 studerent,
944 2851 1032 2915 aliter
1071 2852 1216 2933 profecto

275 2964 455 3030 existimare
485 2966 523 3029 de
554 2965 754 3046 philosophis
786 2978 817 3028 et
848 2967 887 3029 de
921 2966 1128 3046 philosophia
1155 2967 1219 3032 dis·

171 3097 173 3102 ·
276 3092 398 3144 cererin
458 3078 583 3160 Quodsi
615 3082 727 3162 iidem,
758 3101 823 3163 quo
854 3080 964 3146 ardore
997 3101 1099 3147 rerum
1128 3096 1218 3149 natu·

279 3213 367 3274 ram,
390 3195 499 3259 eodem
528 3196 714 3278 semetipsos
738 3213 770 3264 ct
792 3218 840 3265 res
868 3199 1018 3266 humanas
1041 3214 1218 3280 perscruta·

277 3315 309 3379 ri
335 3313 600 3398 aggrederentur,
644 3321 792 3394 percepta
831 3318 875 3381 illi
914 3317 974 3381 rite
1013 3316 1218 3400 philosophia

279 3431 444 3511 Platonis,
485 3430 612 3511 utrique
638 3429 712 3493 huic
744 3431 848 3496 studio
883 3433 997 3514 pariter
1026 3448 1057 3497 et
1083 3433 1221 3500 dialecti·

277 3569 348 3615 cam
377 3566 408 3615 et
438 3567 563 3614 omnem
593 3547 829 3631 philosophiam
860 3548 1063 3615 adhibendam
1084 3572 1152 3618 esse
1171 3551 1220 3618 fa·

282 3681 434 3733 terentur.
478 3669 620 3748 Verum,
643 3680 678 3731 ut
709 3685 801 3731 suum
828 3668 919 3749 plane
949 3668 1125 3736 dialecticae
1151 3671 1219 3736 Pla·

192 3840 195 3851 .
277 3782 408 3848 -touioae
434 3782 637 3848 characterem
668 3782 881 3866 assignemus,
911 3803 975 3849 non
1001 3800 1120 3853 tantum
1152 3806 1220 3852 mo·

284 3898 380 3982 datm,
423 3901 478 3966 sed
506 3906 697 3990 propositum
730 3903 847 3985 ctiam,
892 3922 970 3986 quo.
987 3901 1221 3988 disciplinarum

242 4027 246 4032 ·
1142 4019 1221 4083 hanc
