2992 5220
653 480 832 556 '‘⁶⁸7‘'

273 679 351 727 cetn.
397 655 569 723 Sublimior
599 669 664 722 crat
693 655 768 719 illaa
809 659 884 725 haec
915 656 1120 740 popularior3
1151 654 1201 727 ilia

273 771 455 840 excellentis
484 769 602 854 ingenii
636 769 817 836 horninibus
852 772 1100 840 conveniebatt'
1127 771 1201 840 haee

274 889 418 973 placebat
446 888 606 953 omnibus.
643 881 712 951 ”Ex
744 882 807 952 illa'
830 890 963 971 profecti
994 903 1070 954 sunt
1101 902 1207 956 orato·

276 1025 345 1087 res,
369 1008 426 1088 qui
450 1005 592 1070 acumine
619 1002 735 1086 ingenii
767 996 940 1087 judiciique
960 1005 1135 1072 subtilitate
1155 1024 1209 1099 ex·

274 1125 447 1203 callerent,
480 1125 536 1188 sed
568 1120 727 1186 adessent
752 1116 969 1203 eloquentia,¹
991 1130 1072 1203 quae
1101 1139 1205 1189 rerum

277 1240 428 1325 gravitate
455 1238 577 1322 magis,
612 1240 704 1317 quani
736 1235 828 1320 copia
858 1237 1008 1304 orationis
1021 1253 1064 1306 et
1079 1239 1210 1324 perspi·

278 1357 393 1422 cuitate
422 1350 713 1420 commendareturc
748 1341 842 1438 cujus
870 1337 915 1422 rei
942 1356 1035 1423 testis
1064 1371 1113 1423 est
1127 1370 1210 1449 tota

279 1471 479 1554 Thucydidis
515 1470 657 1536 historia.
702 1465 732 1536 Ε
765 1472 905 1538 Sacratis
935 1492 1011 1539 vcro
1045 1466 1211 1558 disciplina

275 1588 527 1671 Xenophontem
552 1578 715 1652 fluxerunt
747 1587 928 1700 orationes,
960 1608 1040 1670 quae
1066 1565 1213 1673 'exempta

278 1704 367 1769 unni
397 1723 476 1769 aevo
498 1702 619 1769 habitae
637 1698 713 1768 sunt
741 1703 999 1787 perspicuitatis,
1021 1680 1212 1787 suauitatis,

276 1818 472 1901 elegantiae·
504 1818 662 1883 iitaxerunt
690 1818 839 1884 historica
860 1822 974 1902 scripta
1007 1818 1091 1887 cunt'
1107 1818 1216 1890 Xeno·

279 1921 435 2024 phontis,
467 1950 535 2001 tunt
573 1954 707 2016 ennam,
751 1936 807 2017 qui
839 1937 933 2020 hujus
971 1938 1084 2004 imitari
1121 1940 1213 2033 dotes

281 2055 494 2132 studuerunt,
516 2052 666 2134 Ephori,
688 2053 836 2133 Arriani,
849 2053 1032 2120 evidentii‘
1044 2046 1120 2121 sa'ue
1150 2055 1216 2122 sin·

282 2171 385 2257 gratari
411 2170 631 2254 Thucydidem
663 2169 857 2253 superantia.
904 2167 1101 2252 Finxerunt',
1127 2190 1218 2254 -quae

283 2287 426 2356 omnium
458 2287 593 2367 primum
641 2298 673 2355 et
713 2282 845 2352 maxime
884 2283 1082 2354 memoranda
1107 2302 1218 2369 erant,

284 2403 424 2478 Platonis
441 2402 577 2484 scripta,
599 2418 693 2481 quern
715 2392 853 2466 omntum
878 2399 932 2482 qui
955 2374 1100 2481 umquam
1121 2398 1221 2486 scrip·

168 2547 169 2551 ¹
282 2531 419 2597 serunt,
440 2514 736 2598 eloquentissimum
758 2503 909 2600 judicavit
927 2514 1055 2583 Cicero.
1078 2515 1141 2584 Sed
1162 2518 1221 2584 So-

288 2633 420 2701 craticae
437 2633 562 2699 scholae
583 2632 769 2712 eloquentia
788 2647 823 2698 ut
845 2635 975 2718 piane
966 2608 999 2699 ur
1023 2623 1136 2701 iucem
1144 2652 1221 2720 pro·
1303 2654 1307 2658 ·

287 2752 393 2833 diret,
414 2751 548 2818 Oratore
562 2765 628 2815 erat
648 2761 754 2831 opus,
759 2743 862 2832 qui,
885 2747 983 2816 instar
1000 2740 1150 2833 Periclis,
1172 2756 1224 2819 vcl

290 2881 448 2953 praeesset
470 2867 614 2947 civitati,
632 2867 681 2931 vel
694 2877 783 2932 totus
802 2881 887 2934 certe
909 2872 993 2934 esset
1011 2867 1044 2933 in
1060 2852 1164 2934 r'e'hus
1182 2868 1227 2934 ci·
1235 2861 1249 2885 ”

291 2984 410 3051 vilibus
441 2999 600 3051 versatus.
646 2981 734 3049 Talis
763 2985 854 3067 piane
873 2962 1106 3051 Demosthenes
1139 2983 1225 3066 fuit,

290 3102 437 3185 idemque
479 3100 525 3167 sic
575 3097 636 3165 tuti
686 3084 888 3167 exdtindae'
912 3103 1226 3188 commovendaeque

291 3220 444 3286 Graeciae
487 3217 675 3284 Socraticam
707 3217 848 3283 adhibuit
893 3195 1149 3300 phil'nsophiam⁹
1193 3234 1229 3285 ut

290 3350 364 3402 ante
400 3353 474 3402 eum
511 3331 752 3397 Atheniensium
782 3331 937 3414 regundae
965 3332 1085 3397 civitati
1104 3333 1230 3400 Anaxa-

293 3467 417 3534 goream
438 3445 621 3513 adhibuerat
638 3444 783 3511 Pericles.

336 3562 559 3646 Eloquentiam
589 3579 672 3627 nunc
705 3561 805 3643 ipsam
829 3576 1030 3644 spectamus:
1063 3565 1110 3631 ·de
1144 3566 1230 3634 Rhe·

295 3684 393 3750 torica
414 3681 492 3746 alius
519 3678 612 3744 nobis
637 3678 784 3762 deinceps
805 3679 865 3745 erit
885 3678 1008 3769 dicendi
1028 3682 1130 3749 locus.
1164 3684 1230 3751 Ve-

295 3815 468 3867 rumtamen
498 3815 539 3863 ne
566 3797 627 3879 huc
657 3794 747 3889 etiam
776 3798 848 3861 loco
884 3796 957 3862 haec
986 3817 1118 3881 prorsus
1140 3800 1233 3868 omit·

295 3890 389 3990 tenda
408 3916 545 3984 videtur.
579 3914 683 3995 Nam,
705 3913 769 3982 nisi
787 3913 866 3988 artis
882 3913 1049 3981 intercedat
1067 3915 1230 3997 studium,

300 4029 449 4103 essisset·
469 4030 718 4114 ephilosaphla
744 4030 925 4113 unquentis
937 4027 1149 4114 nunptiteat
1171 4032 1233 4096 lta·

1170 4155 1233 4229 que
