2992 5220
638 470 695 501 π.
708 465 770 529 ss?
790 476 845 502 «a.

274 625 447 713 postquem
471 625 548 693 'sive
576 626 774 693 Herodotum
804 629 872 695 sive
885 627 1053 711 ¹Platonem
1078 647 1206 719 totum,-

276 764 335 813 nec
356 744 570 823 vero-semel,
600 743 655 808 sed
671 743 788 809 iterum
810 743 990 815 ettenium
1021 762 1054 813 et
1080 753 1205 834 saepius

277 852 444 947 legerunt,
466 876 498 927 et
526 861 570 928 sic
601 873 822 926 contraxerunt
852 879 924 927 eum
954 880 1081 930 auctore
1118 870 1209 948 quasi

276 976 522 1049 familiaritatem¹
539 977 713 1059 quandamt
738 991 806 1045 tum
825 996 901 1044 vero
922 977 1024 1045 mitari
1047 980 1207 1057 desinunt.

242 1092 247 1107 ¹
278 1095 388 1179 Ipsum
421 1109 549 1163 naturae
581 1093 722 1159 ordinem
749 1093 783 1158 in
812 1092 851 1159 iis
883 1086 1144 1179 deprehendunt,
1175 1097 1211 1170 in

279 1212 398 1296 quibus
426 1211 556 1279 omnino
578 1212 718 1278 ordinem
739 1226 811 1277 ante
838 1211 1122 1285 desideraverautt..
1137 1193 1209 1285 nam
1278 1189 1286 1210 ⁸

279 1328 358 1413 quid
376 1346 504 1396 naturae
527 1331 696 1412 respondet
719 1328 772 1393 illa
792 1327 921 1395 ratione.
935 1328 1056 1413 magis,
1078 1331 1211 1414 quaein

219 1504 224 1513 .
263 1443 383 1536 *maia
401 1462 461 1510 nos
481 1444 607 1528 negotia
633 1444 739 1526 rapit,
769 1444 956 1526 singulaque
978 1447 1125 1530 deinceps
1145 1447 1211 1515 sin-

280 1562 409 1644 gulatim
440 1559 590 1625 cernendo
620 1558 785 1640 explicati
838 1558 962 1626 Teutria
980 1566 1212 1632 autem-illa·et

281 1677 363 1744 levia
391 1677 474 1760 apud
502 1677 687 1756 Platonem,
719 1688 756 1739 ut
775 1674 963 1742 dramaticae
990 1680 1118 1748 rationis
1147 1681 1212 1749 νίω

284 1807 317 1860 et
336 1812 428 1859 usum
447 1806 677 1876 perceperunt,
699 1789 823 1856 maximi
843 1809 914 1857 esse
933 1794 1084 1859 momenti
1103 1798 1214 1863 vident

282 1911 323 1978 sd
340 1910 479 1977 animum
502 1908 634 1991 legentis
660 1905 869 1988 capiendum,
891 1908 1057 1974 tenendum
1086 1922 1213 1986 etqvero

282 2028 358 2095 illuc
371 2004 598 2106 evehendum,
625 2042 690 2105 quo
709 2019 843 2088 maxime
860 2022 958 2087 tendit
980 2022 1049 2106 ipsa
1069 2024 1215 2108 philoso·
1294 2088 1297 2093 Α

283 2145 381 2231 phia,
403 2144 427 2211 i.
439 2161 470 2211 e.
493 2143 531 2207 ad
552 2140 714 2208 veritatem
733 2140 765 2203 in
786 2138 878 2204 rebus
908 2140 1100 2223 gravissimis
1130 2163 1215 2212 asse·

285 2262 459 2345 quendam:
504 2258 653 2342 quaevis
674 2253 866 2322 inductionis
893 2270 942 2321 est
966 2275 1038 2322 cutn
1064 2261 1214 2345 analytica

283 2380 405 2446 ratione
432 2378 630 2462 conjunctae.
695 2372 864 2453 sentiunt,
898 2371 954 2453 qui
982 2373 1028 2439 sic
1056 2377 1214 2461 legendo,

172 2503 175 2518 '
284 2511 348 2564 tam
359 2497 578 2574 Herodotum,
601 2510 692 2573 quarn
712 2491 872 2556 Platonem
884 2502 987 2555 totum
1005 2490 1108 2557 animo
1120 2486 1216 2558 ¹com·

283 2613 369 2700 plexi
396 2625 494 2691 sunt,
526 2609 692 2688 sentiunt,
729 2607 787 2672 alia
816 2625 852 2672 se
876 2609 997 2689 omnia,
1019 2624 1104 2676 certe
1124 2612 1214 2694 plura

284 2729 461 2815 percepisse
486 2727 612 2805 animo,
652 2744 744 2806 quam
773 2723 811 2788 ab
842 2723 933 2790 initio
965 2741 1211 2796 autumaverant.

238 2920 240 2925 ,
282 2849 366 2915 Nam
387 2847 586 2913 Herodotum
606 2842 704 2909 secuti
724 2842 854 2920 ducent,
877 2860 942 2907 non
962 2842 1123 2909 historiam
1145 2846 1217 2909 uni·

284 2981 322 3030 ce
338 2963 555 3038 Graecorum,
583 2961 655 3026 belli
674 2958 790 3024 Persici
815 2969 975 3040 tempore,
1003 2972 1040 3023 ut
1069 2959 1146 3024 tradi
1174 2961 1213 3026 ab

284 3076 443 3144 historicis
472 3075 578 3154 solet,
600 3078 656 3140 sed
684 3074 822 3141 universi
847 3064 932 3139 orbis
961 3073 1070 3140 iisdem
1093 3090 1216 3161 tempo-

284 3193 375 3261 ribus
397 3190 582 3270 historiam,
604 3189 668 3254 imo
690 3209 764 3256 vero
796 3191 915 3260 nullius
945 3210 1011 3257 non
1038 3195 1140 3277 gentis
1169 3216 1217 3262 re·

286 3302 435 3398 gione'm,
473 3322 598 3383 mores,
640 3306 798 3385 indolem,
839 3313 940 3375 studia
968 3311 1215 3398 investigarunt:

286 3427 464 3512 pariterque
498 3421 637 3506 legendis
667 3420 918 3504 meditandisque
947 3425 1086 3496 Platonis
1120 3429 1218 3498 dialo-

287 3540 369 3631 gis,
383 3539 586 3625 quaestiones
605 3558 670 3605 non
691 3540 793 3605 solum
817 3538 850 3605 in
872 3542 1076 3626 philosophia
1097 3551 1217 3633 gravis.

286 3661 405 3741 simas,
428 3659 483 3726 sed
505 3658 609 3725 minus
636 3655 729 3723 etiam
757 3675 891 3742 graves,
914 3672 950 3727 ut
979 3659 1126 3732 videntur
1146 3669 1219 3750 qui.

285 3781 378 3860 dem,
395 3776 518 3862 'prouti
545 3775 609 3842 loci
629 3789 704 3840 sunt
723 3774 764 3863 de
784 3792 908 3856 amore,
941 3778 981 3842 de
1003 3779 1145 3863 artibus,
1179 3786 1219 3854 do

247 3954 252 3964 .
287 3895 487 3983 disciplinis,
529 3893 568 3960 de
591 3891 771 3975 eloquentia
798 3905 830 3958 et
863 3892 1019 3962 scribendi
1041 3909 1129 3978 arte,
1161 3900 1216 3967 hm

288 4013 386 4107 igitur
413 4008 636 4098 quaestiones,
679 4027 780 4093 quae,
819 4024 856 4082 ut
878 4009 1034 4096 vidimus,
1075 4016 1218 4097 proxime

1143 4151 1218 4204 sunt
