2992 5220
631 453 833 532 ..156-

265 636 316 703 nls
345 626 517 703 exordium.
563 635 635 701 Duo
660 632 753 699 nobis
780 631 910 711 insunt,
931 630 1053 712 inquit,
1077 630 1196 714 quibus

268 766 429 835 paremus:
473 753 612 818 alterum
627 756 760 837 ἔμφυτος
793 750 867 819 orico
899 752 1039 832 ἐπιθυμία
1070 754 1193 829 aliosde:

267 869 396 934 aiterum
424 874 578 948 ἑπικτητὸς
596 871 669 950 δόξαι
687 871 829 952 ἐφειμένη
844 873 896 935 rori
918 870 1018 951 oiplsoo
1040 864 1096 948 (¹³,
1119 883 1199 948 quo·

267 1002 362 1066 rum,
386 986 445 1050 hoc
476 987 641 1068 neglecto,
672 983 749 1048 illud
777 982 947 1064 respiciens
976 983 1104 1065 solum,
1124 981 1200 1047 defi-

268 1101 418 1166 nitionem
438 1101 531 1184 inde,
574 1120 668 1184 quam
691 1099 930 1183 descripsimus,
969 1099 1075 1168 efficit.
1140 1098 1202 1165 Sed

164 1302 173 1320 ι
266 1215 337 1282 inde
359 1217 473 1298 etiam,
508 1239 550 1288 ex
579 1221 685 1286 eldem
711 1220 764 1285 illl
795 1217 948 1300 analytica
975 1215 1201 1299 disceptatione

265 1348 428 1416 postremo
455 1351 572 1400 rectum
598 1335 683 1400 ducit
709 1337 746 1399 de
774 1353 877 1397 amore
895 1331 1061 1414 iudicium.
1106 1329 1199 1395 Unde

265 1447 469 1534 intelligimus
490 1448 633 1512 facillime
649 1464 719 1507 cum
741 1444 890 1524 originem
913 1459 944 1507 et
962 1460 1102 1508 naturam
1122 1461 1197 1527 syn·

266 1567 399 1632 theticae
435 1558 651 1639 definitionis,
691 1571 758 1623 tum
796 1576 873 1623 vero
903 1559 995 1624 etiam
1027 1560 1198 1645 analyticae

264 1679 393 1745 rationis
420 1677 459 1741 ad
485 1688 569 1740 recte
595 1663 816 1740 instituendam
843 1676 1032 1759 synthesin,
1055 1676 1119 1741 imo
1145 1686 1199 1744 ve-

264 1812 301 1859 ro
327 1795 365 1859 ad
401 1811 510 1859 verum
545 1793 774 1874 assequendum
810 1793 872 1859 vim
906 1808 938 1859 et
977 1793 1201 1878 opportunita-

265 1924 341 1976 lem.
1127 1915 1130 1920 ’

272 2062 278 2073 ·
307 2026 576 2116 Quemadmodum
603 2027 741 2093 Platonis
766 2026 902 2111 analysis
920 2027 1000 2094 viam
1031 2026 1198 2094 muniverit

264 2143 453 2226 Aristoteli,
475 2158 511 2209 ut
532 2143 759 2226 syllogisticam
780 2144 971 2227 instrueret,
994 2164 1032 2210 ex
1053 2145 1102 2210 his
1122 2162 1199 2210 con·

263 2261 320 2347 ilci
350 2261 498 2346 exemplis
525 2277 643 2344 potest.
694 2261 812 2327 Verum
843 2263 1050 2344 quaerendum
1080 2280 1198 2344 propo·

265 2378 387 2445 suimus
407 2379 611 2462 praesertim,
646 2390 799 2459 quatenus
826 2377 1021 2459 disciplinam
1047 2379 1200 2459 perdure-

265 2492 307 2561 rit
336 2495 504 2578 magister,
536 2494 611 2576 quid
640 2493 795 2577 discipulo
830 2494 1038 2579 peragendum
1065 2494 1200 2576 relique·

265 2610 319 2677 rit.
363 2612 424 2679 Est
443 2611 521 2676 illud
538 2610 741 2694 potissimum
761 2613 1020 2693 mathematicae,
1043 2631 1122 2694 quoe
1141 2630 1200 2677 vo·

262 2738 370 2805 catur,
402 2725 673 2792 demonstrationis
695 2727 796 2806 ratio,
825 2747 917 2810 quam
948 2733 1097 2809 ἀπέδειξιν
1126 2735 1197 2796 xor?

263 2848 371 2930 Ιξιχῆν
393 2858 424 2909 et
450 2848 661 2927 μαθηματικὴν
683 2847 898 2925 ἀκριβολογίαν
921 2855 1013 2903 vocat
1040 2839 1197 2904 Aristote-

262 2962 309 3027 les
330 2961 376 3026 (¹³.
423 2961 498 3027 Non
520 2957 641 3024 diversa
660 2957 786 3039 quidem
811 2955 862 3018 illo
891 2967 939 3018 est
960 2955 1197 3039 asyllogistice
1267 2946 1269 2953 ’

266 3093 297 3146 et
323 3078 485 3162 synthesi,
511 3077 586 3156 sed,
608 3091 643 3140 ut
664 3088 777 3137 nomen
805 3069 941 3151 indicat,
963 3070 1002 3135 ad
1031 3072 1200 3137 mathema·

263 3195 420 3274 ficorum,
451 3192 490 3255 ad
519 3189 660 3254 Euclidis
689 3203 799 3268 postea
826 3186 1060 3266 argumentandi
1083 3189 1199 3253 severi·

262 3324 354 3377 tatem
377 3320 481 3371 exacta
509 3320 571 3371 est.
615 3307 720 3390 Hujus
750 3322 786 3371 ut
804 3296 946 3371 normani
974 3310 1119 3391 legesque
1145 3311 1200 3375 de·

262 3424 389 3508 scripsit
415 3423 601 3490 Aristoteles
623 3422 680 3504 (⁸),
704 3422 746 3489 ita
765 3424 819 3490 vil
844 3438 875 3489 et
899 3423 1019 3490 ratione
1048 3423 1097 3487 usi
1111 3429 1196 3488 'sunt

263 3541 524 3631 philosophorum
543 3539 750 3608 recentiorum
778 3541 890 3619 multi,
912 3543 945 3603 in
966 3537 1082 3618 quibus
1102 3539 1196 3604 Wol-

260 3659 321 3729 sus
348 3659 404 3725 hoc
433 3660 582 3726 methodo
603 3658 765 3725 contendit
787 3655 965 3740 disciplinas
982 3671 1096 3721 ⁴ornnes
1116 3672 1197 3724 trac·

1127 3787 1196 3839 tan·

296 3910 337 3991 (r)
357 3912 538 3985 unledam.
555 3913 593 3967 D.
630 3913 670 3986 (ι)
688 3908 809 3983 ldeuplu
820 3907 861 3964 11.
879 3909 941 3964 od.
960 3907 1019 3982 -(3)
1037 3907 1075 3967 V·-
1087 3907 1195 3967 limos

263 4021 363 4093 opusc.
379 4012 455 4075 nkil.
471 4031 501 4085 p.
519 4013 577 4066 183.
1166 4030 1169 4034 ·
