2992 5220
653 503 826 570 -59-

169 724 173 733 .
273 665 525 752 perciperemus:
551 684 736 744 quamquam
765 680 838 727 sunt
859 664 951 728 nobis
974 665 1094 748 singula
1115 668 1202 751 fere,

276 798 356 862 quae
376 780 474 854 dicit,
495 797 534 843 ex
563 778 664 860 ipsius
686 778 889 859 Platonisque
909 778 1110 862 philosophia
1132 782 1206 848 ube·

192 907 194 913 '
276 898 341 963 rius
365 895 555 962 declaranda.
611 892 720 959 Veluti
748 894 835 972 quod
859 895 966 960 lenoni
989 913 1024 961 se
1047 916 1207 980 compara·

276 1017 346 1093 vit,
376 1012 430 1093 qui
459 1011 516 1075 alia
546 1009 669 1095 ingenia
693 1028 763 1073 curn
791 1009 858 1073 aliis
884 1009 1084 1092 conciliaret,
1106 1027 1142 1078 ut
1168 1032 1208 1081 ex

278 1149 385 1196 eorum
406 1127 634 1193 consuetudine
653 1140 685 1192 et
704 1126 928 1209 congressibus
948 1128 1134 1208 optimarum
1159 1148 1209 1196 re·

279 1266 347 1312 rum
376 1244 503 1324 studia,
526 1258 682 1325 tamquam
711 1241 840 1323 foetus,
872 1243 1048 1309 ederentur.
1093 1245 1211 1312 Simili·

241 1382 246 1389 ⁷
279 1377 327 1427 ter
344 1361 376 1426 id
396 1360 552 1443 praedicat
574 1360 613 1425 de
634 1377 704 1423 sese
725 1359 756 1423 in
775 1361 1007 1441 Xenophonteo
1025 1363 1210 1447 Symposio.

280 1475 362 1539 Nam
384 1491 456 1539 curn
478 1473 591 1539 caeteri
612 1472 673 1538 illic
706 1493 770 1538 rem
797 1489 1043 1557 memorassem,
1067 1498 1127 1559 qua
1146 1481 1215 1561 gloc

282 1590 433 1658 riarentur
458 1591 611 1671 manime,
634 1591 749 1657 Callias
775 1592 933 1656 Socratem
952 1595 1103 1677 intuens,
1125 1602 1162 1667 σὺ
1182 1601 1215 1666 ll

222 1691 225 1703 Ι
282 1713 340 1789 tl,
362 1713 445 1792 ἔφη,
466 1712 515 1778 t’rri
534 1713 590 1778 rim
609 1712 694 1791 μέγα
711 1718 847 1793 operatu
871 1714 920 1779 real
948 1707 1000 1791 lc,
1022 1715 1113 1794 μάλα
1137 1739 1214 1795 ‹rru-

283 1838 335 1901 νῶς
365 1828 548 1899 ἀνασπάσαις
575 1829 610 1893 τὸ
640 1829 815 1906 πρόσωπον,
843 1830 891 1895 ἐπὶ
920 1833 1214 1913 μαστροπείᾳ,

282 1938 377 2009 εἶπεν·
421 1940 468 2004 'l'u
496 1959 568 2004 uero
598 1960 662 2023 qua
692 1955 722 2002 tr
757 1944 891 2003 maxime
922 1962 959 2006 rc
988 1940 1105 2025 effers?
1135 1944 1213 2008 Tam

283 2059 359 2137 ille,
380 2071 540 2122 contracto
559 2054 605 2119 ad
619 2059 812 2139 gravitatem
836 2058 949 2139 uultu,
972 2058 1214 2142 lenocinio,

285 2172 452 2260 respondit.
497 2173 558 2237 Est
576 2186 677 2237 autem
705 2174 765 2238 hoc
792 2186 917 2254 toturn,
941 2179 1085 2256 quamvis
1107 2181 1218 2263 jocose

284 2291 420 2371 dictum,
443 2309 481 2358 er
507 2289 628 2372 placitis
655 2289 795 2355 Platonis
823 2293 862 2357 de
881 2292 974 2358 animi
994 2308 1102 2358 natura
1121 2297 1219 2376 expli·

286 2407 431 2472 candum.
478 2404 603 2470 Scilicet
627 2422 691 2469 non
717 2405 875 2468 machinae
902 2424 972 2470 esse
992 2408 1094 2472 simile
1110 2429 1219 2474 censc-

287 2522 341 2587 bat
361 2520 518 2604 ingenium
540 2519 699 2599 hortinis,
720 2538 785 2585 non
817 2538 835 2594 e
862 2520 962 2601 lapide
988 2536 1041 2587 aut
1062 2524 1149 2607 ligno
1171 2526 1220 2590 in·

287 2637 481 2717 formatum,
514 2651 549 2702 ut
574 2650 754 2703 moveretur
783 2637 967 2703 mechanicis
991 2639 1139 2722 legibus,
1170 2660 1221 2708 se·

289 2755 455 2837 metipsum
477 2773 542 2819 non
564 2768 722 2832 moveret3
753 2753 808 2818 sed
826 2760 1015 2834 adremmon
1036 2757 1068 2802 ω
1087 2761 1222 2840 appella

287 2874 361 2955 bat,
394 2874 512 2939 moveri
537 2887 642 2938 autern
668 2873 799 2937 rnaxime
825 2872 981 2938 statuebat
1006 2874 1119 2956 spiritu
1139 2876 1221 2958 illo,

288 3012 382 3074 quem
400 2991 557 3070 diximus,
581 2989 636 3072 qui
655 2990 738 3083 intus
755 2989 809 3053 alit
829 2989 952 3069 omnia,
974 3011 1092 3056 amore.
1136 2991 1222 3057 Hinc

287 3109 390 3196 pulcri
422 3109 604 3191 appetitus,
643 3107 699 3189 qui
734 3121 862 3190 apparet
891 3108 924 3172 in
949 3105 1118 3174 infantibus
1150 3129 1222 3179 curu

289 3227 502 3311 cognoscendi
539 3225 643 3290 studio
686 3227 893 3308 conjunctus:
930 3225 1002 3290 hinc
1038 3246 1125 3292 amor
1155 3228 1222 3294 veri

289 3361 362 3407 cum
385 3341 485 3422 pulcri
510 3342 697 3422 conjunctus
719 3358 845 3419 amore,
870 3357 935 3419 quo
953 3343 1038 3407 ardet
1056 3344 1221 3424 juventus.

290 3458 401 3538 Itaque
420 3455 569 3520 amasium
596 3455 735 3536 anquirit
763 3456 942 3522 adolescens
968 3457 1155 3538 optimarum
1175 3476 1225 3525 re*

292 3592 361 3642 rum
393 3571 498 3638 studio
527 3571 727 3653 flagrantem,
742 3628 747 3638 .
764 3591 900 3652 quocum
934 3592 1058 3658 semper
1091 3576 1132 3641 sit
1162 3594 1225 3647 una

293 3692 487 3775 miseratque
514 3707 673 3755 sermones
704 3689 743 3754 de
769 3688 886 3755 virtute
913 3692 1016 3773 deque
1044 3711 1107 3774 eo,
1136 3694 1224 3776 quod

1171 3830 1225 3878 Vt·

327 3954 371 4022 (ι)
393 3953 519 4019 Xenoph·
541 3953 641 4020 Symp.·
662 3969 685 4004 c.
706 3953 733 4005 3.
766 3958 858 4024 §.100
882 3954 926 4009 Cf.
944 3956 987 4008 eh.
1015 3957 1086 4028 §.40
1107 3964 1137 4012 ei
1156 3959 1224 4014 cui.

293 4053 322 4125 ᾗ.
341 4049 384 4101 56.
455 4053 495 4121 (2)
515 4050 631 4106 Phaedra
648 4051 697 4109 245
715 4051 748 4106 C.
