2992 5220
787 424 961 501 ...38-

413 607 500 675 itm
527 609 647 688 ἐρωτᾷς.
687 600 773 666 dicat
802 601 901 679 mihi,
943 621 1120 684 quaeram,
1163 617 1192 666 ct
1224 623 1347 688 respon·

412 717 487 785 diat
513 719 606 786 bonus
624 719 679 784 illc
699 716 858 804 spectandi
878 716 1028 804 cupidus,
1049 722 1105 804 qui
1126 741 1180 784 ner
1196 721 1344 806 pulcrum

412 839 511 924 ipsum
536 857 596 903 cuc
615 857 670 901 nu
687 833 790 899 ideam
816 832 985 918 quamdam
1011 837 1107 922 ipsius
1120 834 1348 925 pulcritudinis

413 971 531 1041 semper
559 973 590 1018 su
622 950 729 1017 eddam
760 953 883 1015 rationu
919 951 1098 1035 habentem,
1142 956 1243 1020 mulm
1274 975 1347 1020 uero

414 1089 475 1136 usu
488 1069 605 1157 pulcra
620 1082 804 1155 putat‚ncc
813 1067 908 1152 serre
928 1069 991 1133 ullo
1010 1069 1206 1158 modopotcst
1217 1120 1230 1153 ‚
1241 1075 1349 1159 siquis

416 1204 513 1251 unum
538 1203 598 1249 estc
620 1184 791 1270 pulcrum,
814 1205 910 1249 uuum
934 1185 1075 1267 justum,
1096 1204 1192 1272 atquc
1214 1192 1264 1252 ita
1289 1210 1352 1254 csse

414 1314 542 1366 cauum
562 1297 664 1367 dicit:
684 1303 796 1368 horum
825 1303 929 1385 igitur
942 1300 1152 1384 pulcrorum,
1173 1300 1224 1366 dic
1243 1300 1352 1380 sodes,

415 1419 461 1482 ric
480 1415 570 1483 illurn
584 1416 887 1507 percunctabinrur,
910 1427 993 1477 estut
1007 1414 1135 1497 aliquid
1142 1415 1352 1500 pulmarum,

416 1531 501 1621 quod
515 1554 575 1600 non
597 1546 713 1618 turpe,
735 1544 765 1593 ut
782 1527 966 1610 furuerunt,
987 1527 1071 1614 quod
1096 1550 1157 1631 non
1181 1530 1350 1613 injustum,

417 1664 449 1714 ut
477 1664 677 1744 sanctorum,
709 1643 794 1732 quod
818 1666 878 1711 non
899 1645 1070 1732 profanum
1092 1645 1278 1714 videbitur?
1308 1682 1354 1699 -

418 1761 496 1830 Non
525 1784 618 1845 tanc,
651 1760 706 1828 scd
729 1783 844 1828 nuum
870 1777 938 1841 cst,
979 1776 1015 1827 ut
1041 1764 1158 1850 pulcra
1191 1765 1251 1828 illu
1280 1786 1356 1850 quo·
1457 1772 1461 1778 '

418 1878 578 1946 dammodo
605 1895 635 1946 et
664 1882 776 1968 turpia
804 1895 835 1945 ct
863 1898 945 1958 quac
980 1879 1048 1944 alia
1077 1883 1204 1967 quaeris
1228 1879 1356 1944 uidean-

420 2013 478 2064 tur
498 1995 542 2064 (¹).
587 1997 683 2063 Unde
708 1997 769 2061 hoc
796 1996 882 2061 ducit
908 1994 1048 2060 tandem:
1073 1997 1128 2076 qui
1156 1996 1253 2079 igitur
1277 1998 1358 2061 mul-

421 2127 469 2181 tas
507 2132 556 2180 res
594 2115 716 2197 pulcras
747 2125 918 2197 spectant,
962 2109 1064 2194 ipsum
1098 2131 1174 2177 vero
1213 2115 1358 2194 pulcrum

423 2243 481 2292 nec
519 2227 628 2295 vident
657 2248 716 2297 nec
747 2239 973 2294 monstrantem
1001 2226 1093 2304 sequi
1128 2239 1289 2305 possunt,
1325 2240 1357 2290 et

424 2347 538 2413 multas
569 2347 711 2413 similiter
742 2361 791 2406 res
820 2347 921 2427 Justas
944 2337 1147 2419 percipiunt,
1178 2339 1283 2422 ipsum
1305 2358 1360 2406 ve·

425 2479 462 2531 ro
491 2462 612 2543 justum
649 2476 714 2522 non
755 2455 859 2541 item,
907 2474 937 2525 ct
983 2471 1103 2523 caetera
1140 2456 1186 2522 sic
1233 2457 1363 2538 omnia,

427 2573 548 2659 opinari
583 2574 647 2659 hos
674 2571 836 2658 dicemus,
879 2594 1071 2662 cognoscere
1111 2592 1186 2640 vero
1224 2592 1361 2655 eorum,

429 2710 511 2777 quae
533 2690 725 2774 opinantur,
747 2685 839 2759 nihii.
862 2735 905 2748 -
934 2695 1075 2760 Necesse
1101 2705 1163 2757 est.
1198 2725 1245 2742 -
1275 2691 1362 2775 Quid

429 2826 506 2875 vero
535 2807 631 2889 illos,
654 2808 709 2891 qui
730 2809 796 2891 ipsa
824 2812 1076 2891 contemplantur
1105 2807 1248 2889 singula,
1269 2824 1363 2888 quoe-

431 2943 496 3008 que
524 2944 647 3011 semper
672 2926 782 2992 eodem
814 2945 848 2992 se
878 2925 973 2990 modo
999 2924 1069 2990 sine
1097 2923 1159 2988 ulla
1191 2922 1365 2987 mutatione

431 3043 566 3126 habent,
608 3063 714 3110 nonne
742 3061 932 3130 cognoscere
960 3042 1090 3126 potius,
1131 3061 1225 3125 quam
1258 3040 1390 3123 opion.

433 3162 489 3226 ri‘i
510 3198 555 3214 -
575 3161 620 3225 Et
645 3162 705 3224 hoc
720 3179 848 3237 necesse
867 3174 928 3226 est.
951 3195 998 3213 -
1016 3161 1133 3258 Nonne
1159 3160 1259 3245 igitur
1280 3178 1367 3225 corn·

433 3274 527 3359 plecti
550 3288 581 3338 et
607 3292 707 3339 amare
733 3276 792 3341 hos
824 3278 961 3345 dicemus
984 3298 1041 3360 er,
1063 3279 1096 3346 in
1123 3280 1240 3363 quibus
1260 3276 1368 3358 cogni·
1441 3258 1443 3263 ¹

432 3389 505 3470 tio,
528 3391 599 3455 illos
626 3410 723 3471 vcr0,
746 3392 778 3457 in
810 3394 925 3477 quibus
958 3399 1067 3481 opinio
1098 3411 1258 3464 versatur:
1281 3405 1362 3451 non·

433 3503 565 3574 neennn
578 3506 827 3594 reminiscimur,
849 3514 964 3582 dixisse
982 3534 1063 3590 nos,
1084 3512 1156 3573 illos
1175 3521 1207 3571 et
1225 3504 1359 3572 vocibus

1330 3672 1362 3723 et

433 3802 613 3871 ditpuittione
629 3805 746 3872 debent,
772 3804 853 3860 modo
874 3820 921 3857 suo
939 3780 1100 3869 reponantur
1121 3799 1199 3864 loco,
1218 3804 1238 3852 i.
1255 3818 1279 3851 e.
1297 3806 1360 3863 post

436 3908 595 3981 ὗχρηςδς,
626 3919 657 3964 ut
686 3919 713 3964 et
746 3913 899 3981 scripsimus
919 3917 945 3963 et
966 3908 1102 3963 vertimus.
1141 3909 1183 3963 ci
1213 3922 1293 3976 supra
1313 3882 1364 3973 4'75

437 4009 477 4066 D·
498 4008 532 4075 Ε·
603 4010 644 4083 (¹)
664 4010 707 4065 De
727 4008 793 4080 Rep.
813 4011 918 4083 V.479
938 4010 971 4063 A.
994 4007 1025 4062 Β.
