2992 5220
626 471 826 518 -221-

274 651 312 704 ut
331 650 472 720 pateret,
501 651 568 699 non
590 634 630 700 de
658 632 779 707 artibus
792 611 985 715 quibusdam
1008 631 1060 695 vel
1080 626 1203 694 metho-

274 755 322 820 dis
340 753 419 819 solis
437 749 611 833 quaesivit:
631 750 720 830 -quid
737 747 878 814 methodi
899 744 1052 825 efficiant,
1073 743 1136 810 nisi
1155 745 1204 811 in·

273 868 529 950 sitiutentibus,
561 885 656 950 quern
677 878 789 931 aveant
807 866 967 948 explere,
999 863 1066 931 veri
1094 863 1204 930 amori

276 986 337 1052 Sed
365 985 468 1068 ipsum
492 985 576 1049 hunc
604 982 671 1050 veri
698 1000 861 1063 amorem,
883 984 994 1048 natura
1012 978 1134 1046 homini
1157 977 1206 1045 in-

274 1101 395 1183 situm,
424 1116 456 1168 et
477 1119 553 1167 vero
579 1098 691 1167 mentis
713 1101 858 1179 oculum,
889 1117 954 1180 quo
976 1116 1041 1163 uno
1062 1095 1209 1183 conspici

275 1218 390 1284 veritas
420 1232 552 1301 potest,
593 1232 777 1300 anteaquam
803 1216 842 1283 ad
871 1215 1051 1299 disciplinas
1080 1229 1113 1282 et
1142 1215 1208 1282 dia·

274 1335 413 1402 lecticam
441 1335 647 1418 procederet,
678 1334 867 1418 exploravit.
921 1333 973 1400 Sic
995 1347 1098 1400 autem
1126 1332 1208 1398 accl-

275 1451 344 1532 dit,
387 1465 423 1516 ut
455 1469 520 1516 non
554 1449 713 1515 subtiliter
751 1463 873 1514 tanturn
906 1450 945 1515 de
982 1447 1208 1516 mathematicis

274 1568 393 1635 artibus
418 1585 453 1631 ac
474 1566 580 1631 divina
605 1566 658 1629 illa
684 1564 829 1629 cernendi
847 1565 1061 1649 jungendique
1086 1565 1212 1634 metho-

276 1685 319 1750 do
345 1683 531 1760 dissereret,
553 1679 610 1746 sed
629 1685 753 1745 omnem
781 1681 1042 1761 complecteretur
1065 1683 1212 1766 philoso-

277 1800 403 1886 phando
435 1795 682 1877 disserendaque
708 1808 740 1861 et
768 1792 929 1879 cogitandi
949 1798 992 1861 'et
1027 1794 1149 1862 dicendi
1178 1813 1211 1863 et

278 1914 432 1983 scribendi
459 1928 568 1980 artem.
611 1909 699 1997 Quin
728 1909 821 1977 etiam
850 1915 899 1977 sic
926 1910 1030 1977 effecit
1053 1911 1133 1978 idem
1158 1910 1214 1978 ille

279 2034 419 2117 optimus
447 2048 512 2095 non
541 2026 700 2112 cogitandi
728 2040 873 2108 tantum,
903 2028 960 2094 sed
986 2041 1019 2094 et
1043 2026 1214 2094 disserendi

280 2154 389 2217 auctor
418 2163 450 2214 et
476 2146 645 2229 magister,
668 2158 704 2211 ut
720 2158 866 2211 constare
885 2146 948 2230 jam
968 2144 1062 2211 nobis
1089 2145 1212 2213 modern

280 2269 320 2334 de
348 2265 524 2361 dialecticae
553 2264 734 2344 harumque.
753 2261 866 2328 artium
901 2262 964 2328 fine
1000 2282 1131 2346 prorsus
1166 2263 1215 2331 vi·

279 2387 400 2452 dentur.
454 2382 549 2449 Alere
585 2380 706 2446 scilicet
736 2379 804 2447 veri
833 2399 991 2462 amorem,
1024 2400 1216 2466 sensumque

279 2503 369 2568 illum
397 2501 463 2567 veri
493 2514 524 2567 et
555 2518 689 2582 purgare
722 2512 755 2564 et
787 2517 897 2565 acuere
930 2498 1067 2580 debent,
1110 2515 1147 2564 ut
1169 2500 1215 2583 sic

280 2637 340 2684 nos
372 2636 429 2700 per
457 2635 508 2681 eas
541 2613 744 2698 philosophia
772 2634 844 2682 curn
868 2616 907 2681 ad
936 2635 985 2681 res
1015 2615 1214 2698 inquirendas

248 2745 250 2749 ’
280 2734 580 2821 cognoscendasque
606 2750 739 2813 omnes,
782 2744 844 2797 tam
871 2732 1012 2813 divinas,
1035 2753 1129 2816 quam
1157 2735 1217 2801 hu·

281 2870 385 2918 manas
411 2851 563 2930 adducat,
586 2864 653 2916 turn
679 2848 744 2915 dux
770 2848 866 2915 nobis
897 2851 1003 2916 eadem
1029 2850 1071 2914 sit
1094 2864 1128 2914 et
1150 2871 1214 2917 ma·

284 2968 381 3050 gistra
411 2967 591 3048 sapientiae.

325 3082 372 3147 Et
400 3079 450 3144 his
480 3079 607 3161 quidem
627 3082 670 3145 ita
696 3082 736 3148 de
766 3080 929 3166 singulis,
974 3101 1050 3164 quas
1079 3083 1216 3151 laudavit

282 3199 395 3276 Plato,
425 3195 598 3279 disciplinis
623 3195 656 3259 in
678 3198 815 3267 medium
836 3200 980 3285 collatis,
1014 3201 1122 3267 vident
1154 3204 1217 3269 lec·

283 3328 393 3394 tores,
426 3312 501 3379 illuc
520 3331 581 3378 nos
608 3310 761 3393 rediisse,
794 3317 880 3380 unde
898 3317 976 3383 hanc
1000 3329 1110 3384 totam
1124 3319 1215 3387 dtrxi·

283 3451 354 3498 mus
383 3429 639 3515 disputationem.
703 3429 786 3496 Nam
814 3445 852 3496 ut
878 3433 943 3516 orsi
971 3454 989 3499 a
1016 3437 1081 3501 veri
1110 3455 1215 3504 amore

283 3568 417 3628 sumus,
460 3547 634 3629 itanum,
676 3548 937 3630 quemadmodum
969 3549 1020 3615 hie
1041 3549 1212 3637 disciplinis

283 3665 461 3733 excitandus
483 3663 940 3748 alendusquesit‚cernimusr
963 3664 1104 3733 videmus
1118 3669 1213 3753 item,
1276 3673 1282 3683 '

285 3788 408 3851 omn'cm
429 3781 568 3849 Platonis
590 3796 622 3848 et
650 3780 822 3848 disserendi
838 3796 870 3847 et
887 3781 1043 3851 scribendi
1062 3785 1213 3853 rationem

283 3902 323 3969 ad
352 3898 484 3966 eundern
511 3899 595 3964 hunc
624 3898 690 3964 veri
719 3916 855 3965 amorem
885 3899 919 3964 in
947 3899 1058 3966 animis
1086 3904 1215 3984 explen-

285 4019 359 4087 dum
393 4014 561 4102 pertinere.
622 4014 717 4085 Unde
747 4015 931 4105 simplicitas
948 4030 1047 4101 patet
1072 4017 1215 4101 philoso-

1124 4135 1215 4220 phiae
