2992 5220
473 623 512 676 ut
525 608 610 677 Plato
627 607 715 683 vult,
736 601 909 687 susciperet
935 602 1036 672 avide.
1058 605 1155 691 Quod
1176 606 1398 693 Plutarchum,

473 714 626 815 optimum
659 726 747 791 illum
778 742 853 791 sane
879 723 1075 809 ingeniorum
1106 726 1333 809 exploratorem
1367 743 1399 794 et

465 827 628 934 iudicem,
660 860 725 910 non
757 842 869 921 latuit,
892 842 946 923 qui
970 841 1003 907 in
1030 857 1168 908 naturam
1198 841 1275 909 adeo
1305 841 1430 910 cies·

470 964 557 1045 topia
584 959 777 1030 Platonicum
796 957 943 1044 placitum
968 959 1190 1041 accommodat.
1235 958 1308 1026 Fuit
1324 959 1399 1040 ille,

474 1082 541 1165 ait,
562 1077 659 1159 ὅσπερ
679 1078 696 1147 ὃ
715 1078 844 1148 naahas
862 1080 943 1161 ἇξιοῒ
958 1081 1012 1159 ripa
1034 1084 1189 1161 Φιλομαθῆ
1205 1081 1255 1149 καὶ
1279 1081 1402 1164 prmo·

473 1204 533 1284 ΙΦγν
555 1197 668 1279 Φύσιν,
689 1192 757 1271 titt·
771 1197 959 1281 ἀσπάζεσθαι
987 1201 1049 1263 πᾶν
1067 1196 1215 1278 μάθημα,
1237 1198 1287 1264 καὶ
1308 1199 1400 1277 μηδὲν

466 1314 564 1397 ,λέγω
593 1317 669 1397 pariit
697 1317 834 1388 παιδείας
863 1313 1023 1396 ἀτιμάζειν
1044 1307 1130 1386 εἶδος·
1154 1308 1249 1393 fuit,
1277 1310 1399 1396 quolam

469 1449 531 1499 ossa
559 1427 654 1513 Plato
682 1431 751 1494 roa
769 1425 935 1493 studiosam
960 1440 991 1491 aa
1014 1425 1224 1512 philosopham
1248 1423 1400 1511 indolem,

470 1543 518 1613 od
541 1565 641 1612 omnes
667 1558 760 1608 notus
784 1541 966 1626 disciplinas
984 1539 1246 1629 complectendas,
1268 1562 1321 1606 nec
1352 1541 1400 1625 ni·

469 1640 536 1743 iaia
567 1643 757 1727 comemorans
788 1662 851 1725 siro
869 1658 1030 1726 doctrinae
1051 1662 1114 1730 siaa
1143 1656 1327 1725 cruditionis
1347 1681 1402 1745 go·

471 1795 530 1857 aas
551 1772 596 1841 ⁰³.
640 1775 713 1843 Nos
745 1795 822 1843 vero
846 1795 911 1857 quo
940 1775 1120 1861 diligentius
1141 1776 1304 1845 Ciceronis
1331 1792 1402 1843 stu·

471 1891 521 1977 pia
549 1905 712 1976 totamque
731 1895 825 1962 vitam
854 1895 1092 1978 persequimur,
1123 1913 1162 1962 co
1189 1895 1319 1962 interius
1343 1915 1401 1965 tro·

471 2006 520 2075 bis
548 2009 690 2077 videmur
725 2012 901 2078 Platonicae
941 2012 1113 2077 sententiae
1154 2014 1217 2080 vim
1259 2014 1398 2097 assequi.
1449 2079 1452 2085 .

464 2124 681 2212 Quamobrem
713 2127 753 2193 de
786 2127 846 2193 hoc
872 2127 1031 2211 paulisper
1057 2146 1243 2206 excurrere,
1275 2128 1302 2190 si
1333 2147 1400 2192 non

468 2240 610 2325 perfecto
641 2244 857 2329 philosopho,
895 2241 1153 2321 principe'certe
1184 2240 1398 2320 Romanorum

466 2374 499 2427 et
526 2360 720 2449 philosopho
745 2369 777 2420 et
800 2368 945 2435 oratore,
967 2373 1032 2419 non
1059 2354 1114 2420 abs
1143 2375 1175 2420 re
1196 2356 1238 2421 sit
1266 2357 1326 2422 lroc
1352 2360 1399 2422 lo·

466 2489 519 2537 co.
563 2469 609 2536 Et
636 2486 712 2542 vero
742 2467 868 2556 seriptis
894 2468 966 2553 ipse
990 2468 1058 2537 sois
1089 2468 1168 2536 idem
1199 2471 1337 2554 Cicero,
1371 2475 1399 2541 si

465 2585 638 2669 quisalius
658 2583 728 2653 sive
747 2585 868 2676 antiqui
888 2586 956 2653 sive
975 2585 1157 2654 recentioris
1173 2589 1240 2657 aevi
1259 2591 1398 2658 Platonis

463 2703 641 2797 iptcrpres,
662 2718 694 2773 et
721 2703 782 2769 hoc
811 2719 844 2771 et
870 2719 1003 2789 cognata
1033 2706 1144 2787 placita
1171 2707 1432 2790 elegantissime·

462 2819 764 2906 diligentissimeque
795 2821 964 2905 explicuit:
1000 2823 1088 2903 quod
1117 2841 1177 2886 nos
1196 2819 1343 2904 profecto
1365 2822 1397 2887 in

460 2937 571 3023 primis
598 2937 686 3009 decet
709 2937 880 3026 attendere.

504 3055 553 3124 Sit
582 3055 677 3142 igitur
705 3055 767 3137 ita,
801 3070 838 3121 ot
870 3072 978 3123 ornnes
1004 3054 1165 3122 fatentur:
1198 3056 1281 3122 haud
1303 3055 1399 3124 fuerit

460 3173 574 3240 Cicero
598 3176 635 3236 el.
665 3171 703 3234 ad
726 3170 1015 3254 philosophandum
1040 3173 1170 3257 indole,
1194 3193 1255 3258 qua
1279 3175 1394 3255 Plato,

460 3309 521 3374 qua
546 3287 760 3368 Aristoteles,
783 3308 844 3372 qua
870 3291 1038 3373 praecipue
1066 3290 1210 3364 Socrates
1232 3290 1315 3369 fuit,
1336 3306 1396 3353 nee

462 3405 567 3494 possit
604 3423 676 3471 tum
706 3405 816 3488 hisce,
848 3407 933 3490 quod
964 3410 1070 3476 merita
1100 3409 1133 3476 in
1162 3403 1395 3487 philosophiam

461 3521 597 3611 attinet,
640 3524 836 3607 comparari,
879 3527 936 3608 qui
977 3524 1106 3592 omnino
1138 3520 1394 3608 incomparabiles

460 3654 556 3726 punt,
577 3654 627 3709 est
658 3655 759 3711 tamen
787 3645 874 3727 quod
900 3641 1106 3720 dubitemus,
1138 3657 1177 3706 an
1210 3640 1294 3706 nllus
1326 3620 1396 3710 foe,

458 3754 501 3845 rit
527 3758 612 3861 apud
638 3757 805 3843 antiquos,
836 3775 901 3822 non
926 3755 997 3822 dico
1027 3768 1158 3840 orator,
1187 3758 1243 3824 sed
1265 3774 1305 3823 ne
1325 3756 1396 3832 phi·

641 3898 643 3902 ⁴
864 3894 865 3898 ¹
1310 3873 1395 3937 loso-

495 4009 536 4080 (i)
558 4008 629 4062 rtur.
648 4007 705 4062 vit·
722 4007 783 4060 Cic.
799 4026 823 4061 e.
841 4017 876 4066 a,
