2992 5220
667 443 860 521 ...158-

295 625 394 688 mares
432 617 637 703 comparando
667 637 725 686 noc
753 621 906 689 comendo
935 623 1026 690 Plato
1057 625 1228 692 invenisset

295 737 488 821 quidquam,
510 736 571 801 nisi
587 738 747 819 junxisset
771 752 928 819 uterque,
949 741 1034 820 quod
1067 741 1146 806 idem
1176 759 1226 809 est

294 868 389 937 atque
422 859 659 940 συλλογίζεσθαι.
711 853 782 919 Nos
811 874 886 919 vero
922 855 1030 921 harum
1062 860 1226 925 methodo·

296 991 365 1038 rum
384 991 468 1039 nunc
488 973 617 1038 mammo
640 959 854 1037 characterom
876 972 1118 1039 animadvertere
1133 995 1230 1056 quae-

295 1105 423 1171 rentes,
445 1089 477 1155 id
503 1105 612 1156 notare
633 1089 665 1154 iu
685 1089 818 1172 singulis
847 1090 1033 1172 oportebit,
1055 1109 1121 1156 non
1142 1092 1228 1172 quod

295 1224 392 1271 unum
412 1207 583 1288 unicuique
603 1205 765 1290 proprium
791 1221 863 1288 est,
884 1209 939 1275 sed
958 1225 1111 1289 quo.uno
1135 1224 1229 1289 quae·

294 1341 356 1406 que
385 1325 586 1406 praesertim,
619 1323 762 1405 quamvis
791 1315 886 1388 muita
911 1324 1022 1388 habeat
1053 1331 1123 1388 cum
1155 1321 1224 1387 aliis

294 1443 491 1520 communia,
512 1459 531 1503 a
556 1439 683 1517 caeteris
707 1435 922 1514 distinguitur.

294 1579 297 1586 ¹
333 1559 539 1644 Simplicitate
561 1551 810 1615 recommendat
828 1549 965 1616 Socratis
986 1552 1078 1618 ratio.
1101 1552 1222 1636 sponte

194 1656 197 1661 ¹
288 1673 341 1740 ille
371 1672 431 1734 sui
461 1670 499 1733 ad
531 1666 689 1732 veritatem
720 1685 791 1732 curn
813 1667 882 1750 ipse
900 1668 1111 1764 procedebat,
1154 1685 1221 1739 tunt

289 1785 369 1851 alios
392 1783 575 1850 adducebat.
618 1782 720 1868 Quam
748 1797 876 1850 naturae
903 1782 1082 1852 facilitatem
1102 1785 1134 1850 in
1154 1787 1225 1853 Pla·

285 1902 392 1970 tonica
417 1901 489 1967 item
516 1901 676 1968 dialectica
705 1919 770 1967 non
798 1901 1031 1984 desideramus;
1055 1902 1112 1969 sed
1135 1921 1223 1971 acca

286 2017 337 2085 dit
361 2038 511 2098 muman,
533 2037 598 2100 quo
631 2019 705 2084 haec
733 2033 781 2084 est
801 2018 944 2103 insignis.
986 2021 1097 2086 Artem
1122 2023 1221 2086 multo

283 2134 387 2219 magia
408 2134 440 2198 in
469 2111 594 2218 analysi
624 2135 782 2217 Platonis,
828 2154 918 2217 quam
946 2134 980 2201 in
1007 2135 1145 2201 Socratis
1174 2137 1222 2202 itt-

284 2251 436 2321 dnetione
471 2252 694 2336 agnoscimus,
737 2254 894 2335 refertque
930 2252 983 2318 illa
1012 2271 1089 2348 cam¹
1109 2251 1220 2321 mentia

283 2369 505 2453 nugacitatem,
527 2368 729 2451 felicitatem,
760 2375 929 2455 sirigico,
957 2387 1050 2451 quarn
1080 2383 1221 2448 vocant,

282 2505 369 2570 'quae
398 2484 517 2552 invenit
543 2500 574 2551 et
605 2505 702 2551 nova,
718 2487 751 2551 in
782 2490 884 2552 lucem
919 2483 1052 2569 profert.
1095 2485 1222 2552 Aristo·

288 2602 361 2669 telis
387 2599 462 2667 vero
487 2601 589 2684 ratio,
612 2623 797 2686 quamquam
816 2623 873 2670 nec
893 2603 962 2687 ipsa
981 2623 1000 2670 a
1016 2606 1129 2671 nmura
1148 2603 1223 2671 alie·

286 2731 328 2783 na
354 2735 411 2781 nec
440 2720 581 2784 acumine
600 2721 769 2802 destituta,
806 2722 1003 2808 diligentiam
1028 2736 1129 2786 tamen
1157 2739 1223 2786 nra·

284 2831 338 2920 gis
358 2832 528 2912 studiique
556 2834 769 2898 assiduitatem
799 2837 941 2915 requirit.
996 2835 1071 2917 Quo
1106 2833 1221 2900 accidit

281 2949 321 3016 in
357 2949 488 3016 historia
526 2948 808 3034 philosophorum,
850 2962 908 3029 nt,
945 2947 1002 3029 qui
1036 2941 1222 3016 Aristotelis

284 3068 440 3137 ·rttionem
460 3081 685 3151 sequerentur,
707 3082 836 3129 numero
858 3064 923 3132 fere
946 3065 1062 3133 infiniti
1081 3055 1221 3150 fuerintt

286 3185 477 3267 pauciores,
501 3183 556 3262 qui
578 3181 717 3246 Platonis
739 3182 859 3265 analysi
887 3161 1146 3268 uterentur-‘qui
1165 3205 1223 3253 ve·

287 3315 325 3363 ro
358 3299 516 3362 Socratem
546 3293 720 3379 referrent,
764 3299 850 3364 omni
888 3319 965 3367 aevo
1017 3293 1119 3386 [rint
1145 3303 1219 3370 rari.

285 3416 429 3488 Acumen
465 3413 544 3479 enim
573 3414 638 3479 non
668 3415 710 3480 ita
752 3413 934 3496 infrequens
962 3396 1018 3481 eti
1040 3416 1074 3480 in
1108 3432 1220 3496 genere

287 3535 445 3612 humano,
467 3533 635 3614 pluresque
663 3531 778 3597 iccirco
803 3533 988 3598 exstiterunt
1013 3520 1217 3617 philosophi,

281 3648 342 3731 qui
367 3663 456 3713 acute
479 3649 633 3715 cernendo
661 3650 882 3732 iungendoque
908 3666 991 3712 nova
1019 3645 1217 3735 proferrent,
1328 3671 1333 3684 ·

273 3783 376 3848 ·quanr
409 3767 485 3848 qui,
507 3782 543 3832 ut
570 3768 740 3846 Socrates,
761 3765 807 3828 nil
837 3764 897 3830 visi
925 3765 1092 3849 perficere,
1122 3770 1217 3852 perfi-

273 3895 391 3950 ncrcnt
409 3885 646 3966 quamplurima
661 3896 695 3949 et
711 3880 841 3965 optima.
866 3881 1033 3950 Rationem
1047 3901 1151 3954 autem
1167 3905 1219 3953 se·

271 4000 370 4094 ¹otti,
383 4015 479 4086 qiam
488 4000 812 4083 Aristoteleejnduxit
822 4017 903 4086 ,neo
913 4001 1220 4092 singnhsutmgalqne
