2992 5220
656 468 860 547 —163-

288 662 373 722 tecte
396 650 472 719 hanc
498 647 720 723 instituendam
736 645 930 729 praeparatio
961 648 1132 732 quaedum,
1155 652 1222 734 spi

283 769 429 853 logistica
456 781 584 846 tutem,
605 778 643 830 ut
673 764 840 846 synthesim
870 765 973 847 parit,
1000 763 1044 830 its
1073 769 1131 858 sua
1147 767 1219 851 ipsa

280 887 392 953 maturi
414 903 486 951 cum
506 882 622 951 linibus
639 899 675 946 se
693 881 787 945 arctis
816 881 972 961 includit,
989 894 1057 947 tum
1082 897 1218 955 coarctat

280 1001 315 1071 in
343 1002 437 1067 rebus
461 995 690 1082 cognoscendis
723 995 907 1080 philosophi
934 1010 1083 1062 mentem·
1117 994 1216 1065 Nam

280 1117 375 1186 efficit
393 1135 432 1184 ex
454 1114 590 1183 inventis
611 1131 703 1194 quam
727 1112 869 1193 plurimis
895 1127 927 1179 ct
949 1112 1037 1194 quasi
1057 1111 1216 1194 construit

280 1234 441 1299 doctrinae
470 1231 637 1297 formulam
666 1229 855 1311 quamdam,
886 1246 1015 1312 systema
1040 1250 1056 1297 a
1082 1249 1215 1315 compo·

279 1351 385 1416 nendo
409 1365 441 1414 et
468 1348 682 1414 construendo
709 1321 919 1428 appellatam,
957 1346 1044 1427 quod
1073 1346 1218 1430 qtramvis

278 1464 412 1544 ordine,
435 1460 580 1543 quamvis
599 1460 733 1542 partium
758 1462 983 1542 coniunctione
1003 1466 1075 1549 apti
1100 1480 1132 1533 et
1156 1467 1218 1533 ele·

278 1597 373 1665 ganto
396 1579 507 1646 habitu
533 1595 569 1644 se
587 1576 810 1656 commendet,
832 1590 935 1641 tamen
970 1582 1037 1644 suis
1069 1597 1118 1649 est
1137 1581 1219 1649 limi

279 1695 369 1760 tibus
397 1691 648 1759 determinatum.
694 1688 766 1753 Hos
792 1704 896 1754 autem
923 1691 1037 1759 limites
1068 1711 1126 1758 nec
1155 1693 1218 1762 fert

278 1807 482 1894 philosophis
510 1820 541 1871 et
571 1807 669 1889 gestit
690 1809 801 1871 naturd
827 1825 975 1888 superare
1005 1808 1218 1892 philosopho·

280 1946 350 1995 rum
379 1925 551 2009 ingenium.
596 1924 672 2008 Quo
702 1923 838 2003 accidit,
875 1938 934 2002 ut,
958 1923 1109 2005 quicquid
1139 1920 1217 2009 post

280 2038 440 2111 Socratem
459 2056 492 2106 et
511 2041 672 2107 Platonem
695 2039 880 2121 philosophi
901 2039 934 2104 in
954 2041 1127 2109 condendis
1147 2018 1228 2126 sysf'

279 2159 449 2229 tentatibus
482 2157 585 2224 moliti
613 2172 689 2223 sunt
718 2171 750 2223 et
779 2157 923 2239 quamvis
959 2176 1040 2239 quae
1070 2161 1217 2231 conditis,

278 2262 352 2351 nint
383 2275 566 2356 aequalibus
596 2275 797 2356 placuerint,
821 2275 980 2358 repudiata
1011 2276 1085 2351 hacc
1111 2292 1215 2352 tamen

278 2414 296 2470 a
324 2393 462 2478 posteris
482 2392 620 2459 fuerint:
643 2393 750 2473 unde,
771 2393 856 2474 apud
876 2392 1088 2474 recentiores,
1104 2393 1212 2465 histos

277 2511 324 2576 ria
345 2488 573 2593 systematum,
596 2530 676 2593 quae
703 2510 765 2575 sibi
787 2510 952 2575 identidem
971 2525 1213 2595 successenmt,

277 2625 347 2708 ipsa
373 2626 504 2695 historia
531 2626 753 2711 philosophiae
790 2646 930 2711 magnam
961 2644 1080 2709 partem
1111 2626 1216 2707 corsti-¹

275 2758 380 2810 netur.
425 2743 509 2808 Huic
532 2759 636 2809 autent
661 2743 794 2809 naturali
821 2745 1085 2825 philosophorum
1105 2743 1212 2813 studio

274 2876 307 2930 ct
329 2860 431 2929 ardori
456 2862 606 2928 convenit
627 2863 720 2944 plane
740 2880 775 2926 ac
796 2860 948 2927 satisfacit
963 2862 1126 2930 ‚Platonica
1149 2879 1214 2935 me,

274 2981 404 3043 thodus.
448 2979 598 3061 Analysis
624 2977 707 3047 enim
741 2979 848 3043 nullos
878 2977 993 3055 habet,
1027 2977 1086 3041 nisi
1108 2976 1212 3071 ipsius⁸

273 3070 392 3176 ingenii
412 3092 558 3171 humani,
580 3097 743 3160 terminos.
789 3081 871 3160 Nam
892 3091 940 3158 uti
965 3092 1120 3158 cernendo
1139 3093 1215 3177 jun·

277 3210 445 3293 gendoque
483 3208 705 3290 progreditur,
748 3213 790 3277 ita
830 3229 956 3277 cernere
988 3210 1109 3283 desinit¹
1133 3229 1214 3279 nun·

275 3347 395 3410 quam,
417 3326 474 3391 sed
505 3344 583 3407 quae
613 3328 776 3409 conjunxit
808 3329 997 3408 identidem,
1019 3346 1132 3394 novam
1159 3328 1215 3395 im·

275 3445 333 3512 bet
360 3439 466 3512 denuo
492 3443 636 3510 cemendi
664 3444 910 3525 explorandique
928 3445 1106 3528 materiam,
1129 3447 1213 3517 unde

277 3582 379 3629 novae
406 3564 482 3630 item
512 3562 616 3628 denuo
646 3534 850 3643 rorayoyol,
877 3560 1112 3644 conductiones,
1135 3581 1211 3646 ques

277 3682 392 3748 Cicero
419 3695 533 3763 vocat,
568 3683 618 3747 vel
651 3698 731 3763 quae
756 3679 851 3744 nobis
883 3679 1030 3746 dicuntur
1060 3681 1215 3747 combina-

277 3803 374 3867 tiones
402 3800 571 3868 oriuntur:
603 3815 639 3865 ut
657 3798 779 3865 infinita
800 3797 832 3863 in
863 3796 913 3863 his
946 3797 987 3863 sit
1012 3798 1130 3884 ingenii
1154 3799 1215 3865 hu·

183 3902 186 3908 ⁴
275 3919 358 3985 mani
384 3917 587 4002 progressio,
631 3933 787 4001 quatenus
817 3915 942 3998 quidem
972 3915 1005 3983 in
1033 3916 1090 3983 hac
1113 3913 1211 3998 ipsius

272 4037 458 4104 mnditiont
474 4034 622 4120 progredi
638 4050 780 4118 potest..
810 4033 900 4121 Quid
921 4034 1114 4115 enme‘per
1135 4030 1214 4125 haut

712 4154 783 4219 Ls
1152 4156 1228 4215 me·'
