2992 5220
845 456 1017 534 ...96-

469 637 598 707 Brutum
619 636 657 702 de
671 634 801 719 perfecti
824 640 955 704 oratoris
971 636 1073 702 forma
1089 637 1198 702 libello
1214 635 1294 702 idem
1312 633 1395 701 hand

470 758 604 822 obscure
627 755 824 840 significavit.
867 756 938 823 Nec
966 754 1081 835 latius,
1112 753 1178 835 ait,
1205 771 1263 818 nec
1286 751 1396 833 copio-

465 875 534 942 sius
564 874 604 939 de
635 873 754 954 magnis
782 873 941 954 variisque
974 873 1068 939 rebus
1095 870 1163 935 sine
1192 866 1397 952 philosophia

467 1008 575 1078 potest
596 991 761 1073 quisquam
783 991 896 1057 dicere.
931 990 965 1057 si
989 990 1114 1071 quidem
1136 988 1226 1053 etiam
1243 987 1277 1052 in
1296 986 1397 1052 Phae·

467 1107 525 1174 dro
555 1107 692 1174 Platonis
724 1107 784 1171 hoc
804 1106 949 1173 Periclem
977 1106 1171 1190 praestitisse
1191 1104 1320 1170 caeteris
1350 1103 1397 1169 di·

468 1225 511 1291 cit
540 1224 720 1290 oratoribus
744 1225 913 1304 Socrates,
936 1222 1022 1303 quod
1041 1222 1069 1287 is
1090 1223 1291 1305 Anaxagorae
1313 1220 1398 1303 phy·

467 1341 523 1407 sici
562 1339 658 1407 fuerit
690 1339 832 1405 auditor:
885 1337 969 1426 qaod
1000 1338 1081 1404 ilem
1118 1336 1157 1402 le
1193 1337 1397 1402 Demosthene

467 1461 647 1526 calstlmarl
670 1471 794 1546 potest:
819 1458 908 1541 etes‘as
926 1477 967 1521 esa
985 1454 1117 1542 epistolis
1138 1453 1274 1537 intelligi
1299 1452 1394 1532 lieet,

469 1596 563 1662 quarn
582 1574 734 1659 frequens
750 1575 854 1646 faerit
871 1571 1014 1636 Platonis
1038 1567 1178 1635 auditor.
1208 1568 1240 1612 ω
1283 1568 1413 1637 Caeto-¹

469 1709 537 1754 rum
568 1702 717 1768 quantum
751 1686 819 1768 ipse
847 1685 969 1751 Platoni
992 1685 1157 1767 debuerit,
1184 1683 1287 1752 ubivis
1316 1684 1397 1751 fate·

470 1797 542 1882 tur,
565 1815 631 1866 tum
654 1801 687 1865 in
705 1802 813 1866 eodem
841 1801 902 1866 hoc
925 1801 1045 1867 libello.
1090 1801 1162 1886 Ego
1181 1818 1306 1883 autem,
1329 1802 1394 1881 ait,

468 1933 500 1985 et
531 1936 583 1984 me
615 1935 708 1999 saepe
743 1936 826 1983 nova
857 1917 954 1984 videri
984 1919 1085 1984 dicere
1118 1917 1284 2003 intelligo,
1322 1936 1393 1983 curn

468 2049 629 2120 pervetera
644 2033 766 2114 dicam,
788 2034 843 2099 sed
866 2034 1001 2100 inaudita
1017 2035 1193 2119 plerisque:
1216 2051 1247 2101 et
1257 2035 1394 2119 fateor,

470 2174 517 2219 ote
546 2167 724 2229 oratorem,
746 2150 875 2217 simodo
895 2156 977 2231 sint,
1009 2156 1183 2219 autetiam
1212 2160 1395 2239 quicumque

469 2273 545 2350 slot,
568 2290 689 2355 nones
710 2270 869 2335 rhetorem
896 2271 1038 2354 officinis,
1060 2269 1116 2336 secl
1140 2291 1179 2335 esa
1206 2268 1396 2335 Academiae

469 2389 578 2476 spatiis
605 2387 769 2451 exstitisse.
813 2385 869 2450 Illo
893 2385 976 2451 enim
1005 2402 1079 2452 sunt
1106 2386 1259 2452 curricula
1290 2372 1415 2452 multi·¹

470 2504 597 2588 plicium
624 2502 843 2583 variorumque
874 2506 1075 2584 sermonum,
1108 2506 1143 2567 ia
1175 2501 1285 2589 quibos
1319 2503 1414 2568 Pla·-

471 2626 551 2688 tonis
557 2626 698 2707 palmosa
713 2623 862 2705 impressa
879 2635 950 2685 sant
962 2623 1106 2706 uestigia.
1123 2659 1168 2673 -
1188 2620 1296 2686 Omnis
1314 2624 1395 2685 caim

465 2736 598 2807 ‚ubertas
619 2750 650 2800 et
668 2738 760 2820 quasi
780 2738 866 2818 sylva
884 2734 1007 2801 dicendi
1033 2736 1128 2803 docta
1146 2738 1266 2804 abillis
1293 2752 1349 2804 est.
1361 2734 1393 2779 ω

472 2852 685 2919 Veruntamen
706 2850 865 2916 rhetorum
893 2851 1085 2919 Graecorum
1102 2854 1217 2936 lectio,
1239 2855 1355 2936 quibus
1377 2876 1396 2922 a

471 2968 588 3035 teneris
616 2967 756 3033 imbutus
787 2966 889 3034 fuerat
911 2969 1049 3052 Cicero,
1080 2972 1142 3038 aliu
1172 2972 1295 3039 videtur
1326 2974 1396 3058 ejus

477 3095 612 3149 mentem
637 3082 815 3151 abduxisse.

639 3317 701 3388 De
720 3339 784 3404 eo,
804 3321 912 3408 qood
939 3327 984 3387 in
1012 3326 1247 3412 eloquentia

787 3451 852 3504 est
883 3459 1094 3509 summum.

515 3667 567 3734 Eo
596 3666 748 3752 pertinuit
774 3682 841 3737 tota
865 3671 939 3737 haec
968 3672 1138 3755 disputatio
1175 3688 1281 3740 nostra
1293 3721 1304 3755 ,
1335 3687 1397 3756 ut,

1306 3807 1398 3871 quam

510 3961 552 4033 (ι)
571 3957 649 4015 ono
667 3977 692 4013 c.
709 3962 736 4015 d.
851 3962 893 4031 (a)
911 3959 990 4013 Ono
1008 3977 1032 4013 e.
1048 3960 1076 4013 δι
