2992 5220
826 476 998 541 ..52-

444 637 625 719 :antiquitus
656 642 718 725 iam
747 620 993 709 animadversum
1024 658 1098 726 est,
1140 661 1205 712 uon
1237 649 1383 717 confudit

452 775 524 822 cum
557 757 673 840 rebus,
703 759 758 824 sed
786 760 825 825 ab
860 759 899 825 iis
927 760 1076 828 discrevit
1105 761 1290 848 diligenterr
1323 785 1381 834 nec

446 893 527 939 vero
554 893 604 942 res
629 875 767 960 neglexit
795 862 894 958 quum
923 896 1071 946 numeros
1103 893 1270 965 spectaret.
1310 883 1382 967 Qua

451 989 493 1055 de
513 1007 573 1070 re,·
591 1003 627 1055 ut
650 1009 710 1058 suo
739 991 811 1057 loco
845 991 1068 1075 monebimus,
1090 995 1132 1061 ita
1159 1014 1243 1064 nunc
1275 1010 1383 1063 tenen·

452 1106 527 1172 dum
552 1105 615 1170 hoc
642 1119 704 1174 est.
754 1106 886 1174 Numeri
910 1108 943 1174 in
964 1109 1233 1194 Pythagoreorum
1259 1111 1383 1197 placitis

449 1234 666 1303 argumentum
689 1238 776 1290 erant
803 1224 835 1291 in
855 1224 964 1310 paucis
992 1226 1232 1310 gravissimum:
1264 1229 1384 1296 tribue·

442 1336 528 1404 -bant
555 1338 617 1423 iis,
659 1355 739 1410 ute
768 1343 860 1408 dictis
895 1341 1078 1424 colligitur,
1121 1342 1186 1407 vim
1220 1343 1379 1409 divinam:

448 1456 552 1541 jnrare
568 1459 644 1524 adeo
674 1475 733 1540 per
754 1457 826 1521 illos
857 1453 1002 1521 solebant
1027 1465 1060 1520 et
1086 1453 1277 1539 principium
1305 1455 1379 1523 inde

450 1572 534 1641 vitae
548 1575 681 1640 ducere:

493 1795 555 1864 Nol
576 1795 625 1878 pai
643 1795 695 1862 riv
714 1793 849 1877 ἁμετέρᾳ
867 1800 963 1878 ψυχᾷ
981 1791 1153 1877 sapatum
1171 1794 1361 1876 τετρακτὺν,

489 1915 598 1992 παγὰν
617 1911 726 1981 ἀενάου
745 1911 879 1994 Φύσεως.
902 1904 935 1949 (¹³

442 2114 485 2203 ¹ln
511 2112 756 2181 Platonisvero
787 2109 995 2196 philosophis
1020 2109 1143 2177 numeri
1163 2125 1200 2177 ut
1230 2113 1381 2197 πάρεργον

447 2244 638 2296 occurrunt:
681 2242 767 2295 certe
796 2229 959 2312 percipere
986 2229 1065 2294 hanc
1091 2229 1187 2308 licet,
1229 2231 1380 2314 neglectis

447 2347 539 2415 etiarn
564 2347 639 2417 illis.
685 2347 792 2427 Caput
822 2345 916 2428 hujus
948 2343 1170 2428 philosophiae
1197 2359 1246 2411 est
1275 2363 1308 2413 et
1333 2352 1379 2432 ἕρ-

446 2492 502 2547 you
531 2461 619 2545 quod
646 2472 778 2541 tractat,
800 2459 938 2525 hominis
967 2460 1006 2524 ad
1035 2460 1198 2527 veritatem
1223 2476 1256 2528 et
1277 2461 1378 2528 virtu·

445 2594 509 2645 tem
538 2575 720 2642 institutio:
761 2575 825 2640 huc
852 2575 905 2642 illa
926 2576 1050 2643 confert
1077 2596 1277 2645 numerorum
1304 2583 1379 2645 doc-

446 2696 582 2774 trinam,
602 2711 668 2759 non
694 2692 733 2761 ad
761 2691 844 2759 vitae
864 2692 1017 2777 principia
1035 2693 1251 2777 assequenda,
1274 2712 1378 2776 neque

442 2813 485 2905 ad
511 2811 645 2877 divinam
684 2823 823 2874 naturam
864 2810 933 2875 sive
960 2810 1062 2875 animo
1091 2812 1375 2910 repraesentandam

447 2929 519 2998 sive
543 2926 803 3013 cognoscendam.
848 2922 1025 2990 Socraticus
1048 2923 1111 2990 fuit
1132 2926 1246 3005 Plato,
1274 2926 1380 3010 prius·

447 3062 539 3132 quam
566 3046 834 3130 Pythagoreorum
862 3056 1095 3109 consectaretur
1117 3041 1295 3123 doctrinas:
1320 3063 1380 3111 un·

446 3167 487 3231 de
512 3165 576 3228 hoc
593 3163 720 3228 retinuit
749 3181 804 3242 pcr
833 3173 931 3224 totam
960 3159 1106 3242 deinceps
1134 3161 1254 3242 vitam,
1276 3174 1313 3226 ut
1340 3161 1379 3227 ad
1475 3162 1483 3179 “

445 3279 627 3353 hominem,
648 3275 686 3339 ad
716 3274 866 3341 humanae
886 3289 1011 3342 naturae
1040 3275 1263 3361 perfectionem
1284 3277 1381 3344 refer·

447 3408 494 3461 ret
522 3390 635 3456 omnia.
678 3389 844 3457 Probabile
875 3403 948 3471 est,
970 3391 1184 3477 Pythagoreos
1207 3391 1239 3454 in
1269 3390 1378 3457 nume·

447 3527 554 3576 rorum
592 3505 789 3591 explorandis
825 3506 1118 3592 proportionibus,
1161 3505 1195 3568 in
1232 3504 1378 3573 universa

446 3627 523 3693 odeo
550 3623 741 3690 arithmetico
760 3642 889 3708 magnos
916 3621 1033 3688 fecisse
1056 3638 1270 3704 progressus:
1304 3640 1377 3689 nam

446 3741 595 3810 acerrimo
632 3760 697 3806 eom
727 3740 834 3806 studio
863 3737 1033 3817 colebant,
1078 3736 1197 3821 quippe
1226 3757 1377 3805 numeros

446 3871 673 3946 prosequentes
703 3853 811 3922 divino
843 3854 984 3921 honoret
1028 3851 1204 3936 iisdemque
1229 3854 1377 3921 videntur

484 4065 527 4141 (ι)
545 4061 658 4141 Pglhng.
675 4060 759 4134 2960.
782 4060 835 4138 ign
853 4079 893 4118 rr.
909 4064 956 4135 47·
1299 3970 1377 4051 adeo
