2992 5220
779 459 971 522 -103-

426 635 538 702 iccirco
570 635 701 698 oratoria
733 637 879 715 quaedam
909 637 1100 721 popularis?
1121 657 1227 706 noune
1248 641 1354 711 foreas·

426 751 470 817 sis
493 751 534 817 sit
563 751 640 815 adeo
662 751 867 830 eloquentia?
899 755 951 818 An
977 773 1052 820 vero
1082 754 1139 819 tibi
1168 755 1252 821 aliud
1276 759 1353 840 quid

422 889 513 954 agere
541 875 573 935 in
603 868 789 950 spectaculis
812 868 958 935 videntur
992 875 1125 952 poetae,
1148 891 1241 953 quam
1269 883 1353 959 ῥητο-

420 986 594 1073 ptrictu‘l—
615 985 691 1051 Non
713 984 863 1051 aliud-
878 986 974 1051 Nunc
994 984 1087 1072 igitur
1098 987 1274 1055 invenimus
1291 1009 1352 1058 nos

421 1103 652 1186 eloquentiam,
684 1118 763 1182 quae
788 1102 878 1166 talem
898 1116 1019 1183 spectat
1049 1106 1225 1186 populum,
1248 1104 1350 1187 qualis

421 1221 527 1308 pueris
549 1216 760 1298 foeminisque
781 1216 895 1298 pariter
915 1236 949 1282 ac
972 1217 1073 1299 viris,
1096 1235 1128 1285 et
1148 1220 1247 1286 servis
1263 1222 1353 1305 pari·

420 1353 468 1404 ter
495 1355 530 1401 ac
557 1332 662 1399 liberis
691 1332 870 1397 hominibus
892 1348 1040 1399 constat:
1075 1354 1168 1415 quarn
1184 1355 1249 1402 non
1265 1358 1351 1424 mag-

420 1470 540 1538 nopere
562 1450 761 1515 admiramur:
793 1453 951 1528 κολακικῆν
980 1453 1041 1534 γὰρ
1062 1455 1155 1529 αὐτὴν
1176 1457 1279 1536 φαμὶ,
1308 1453 1351 1523 51.

421 1592 487 1644 aar:
512 1568 725 1634 adulatoriam
757 1568 836 1628 anim
865 1585 927 1629 assa
944 1569 1232 1652 pronunciauimau.
1261 1566 1349 1653 Quid

421 1705 498 1752 vero
521 1684 572 1747 illa
602 1678 805 1760 eloquentia,
830 1696 911 1758 quae
933 1679 971 1743 ad
993 1683 1149 1763 populum
1175 1683 1350 1750 Athenien·

419 1801 501 1868 sium
527 1811 730 1875 caeterosque
757 1794 789 1858 in
820 1793 888 1858 aliis
909 1795 1090 1863 civitatibus
1117 1801 1280 1882 populos,
1302 1800 1350 1865 in·

346 1910 349 1923 '
421 1915 532 2002 gennis
563 1912 686 1978 civibus
718 1925 927 2005 constantes,
962 1928 1155 1996 usurpatur,
1189 1917 1266 1998 quid
1291 1935 1349 1982 no·

405 2008 469 2100 'uis
504 2033 578 2096 hacc
608 2028 682 2095 est‘l
725 2028 892 2109 Numquid
930 2028 988 2093 tibi
1020 2030 1167 2096 videntur
1207 2048 1346 2101 oratores

419 2151 540 2235 optimo
558 2147 661 2211 dicere
689 2142 881 2226 proposito,
911 2144 984 2208 illuc
1010 2145 1207 2212 intendentes
1227 2148 1344 2230 aciem,

418 2280 455 2330 ut
472 2281 562 2343 quam
580 2257 690 2342 optinti
712 2256 787 2321 fiant
814 2274 868 2339 per
888 2257 1028 2338 ipsorum
1050 2279 1209 2328 sermones
1230 2262 1344 2330 cives?

419 2382 472 2449 An
499 2396 575 2443 vcro
605 2374 637 2438 hi
669 2373 741 2438 item
764 2373 924 2457 gratificari
957 2374 1080 2443 civibus
1111 2378 1279 2461 nituntur,
1313 2394 1345 2448 et

418 2496 530 2566 salutis
564 2511 638 2558 suae
676 2489 839 2571 studiosi,
870 2491 1012 2574 publicae
1047 2495 1269 2580 negligentes,
1307 2511 1344 2564 ut

420 2615 528 2703 pueris
554 2623 686 2675 utuntur
706 2607 863 2689 populis,
884 2622 980 2691 atque
1005 2610 1164 2697 indulgere
1185 2613 1247 2679 illis
1266 2615 1346 2681 dur·

419 2747 501 2799 taxat
533 2743 565 2794 et
595 2727 716 2807 placere
743 2739 917 2806 conantur3
940 2740 1046 2793 utrum
1089 2747 1166 2794 vero
1197 2730 1342 2797 meliores

419 2851 463 2918 ita
484 2867 522 2913 an
540 2842 709 2911 deteriores
726 2841 823 2924 fiant,
845 2842 924 2909 nihil
947 2846 1084 2929 curant?
1105 2846 1225 2912 -ch
1246 2846 1344 2913 Calli·

417 2969 506 3045 cles,
528 2980 618 3046 aegre
647 2961 722 3025 hacc
747 2978 980 3039 concessurus,
1013 2979 1078 3026 non
1107 2962 1240 3045 simplex
1270 2979 1342 3045 est,

417 3085 538 3166 inquit,
572 3079 657 3163 quod
676 3096 760 3142 nnnc
783 3094 894 3157 rogasa
918 3091 994 3140 sunt
1020 3077 1125 3158 eninr,
1149 3079 1228 3159 qui,
1252 3079 1343 3161 quid·

419 3201 496 3286 quid
517 3200 648 3276 dicunt,
670 3195 707 3259 ad
736 3194 866 3259 salntem
891 3191 1007 3258 civium
1032 3193 1157 3259 dicunt:
1188 3210 1264 3260 sunt
1291 3215 1347 3264 ve·

416 3340 453 3387 ro
485 3319 600 3397 etiam,
633 3315 740 3395 qualcs
760 3324 796 3378 tu
825 3310 967 3376 narrasti.
988 3347 1035 3363 -
1056 3310 1141 3376 Tutu
1173 3313 1339 3381 Socrates:

416 3451 449 3503 at
479 3433 615 3510 sufficit,
638 3431 702 3495 ait:
724 3428 842 3493 namsi
867 3443 900 3494 et
933 3429 994 3494 hoc
1014 3448 1114 3513 genus
1133 3433 1250 3515 duplex
1270 3447 1341 3515 est,

413 3553 541 3620 alterius
557 3564 659 3614 totum
676 3545 836 3629 negotium
856 3545 998 3612 adulatio
1016 3547 1075 3613 erit
1087 3548 1253 3631 turpisque
1267 3570 1344 3615 con·

412 3666 570 3732 cionatio:
593 3663 720 3728 alterius
743 3681 820 3726 vero
849 3681 897 3727 res
918 3663 1122 3744 pulcerrima,
1145 3664 1343 3738 studerevi·
1397 3651 1399 3655 ’

317 3786 319 3790 ’
413 3781 543 3857 delicet,
565 3793 601 3843 ut
634 3798 725 3859 qnam
750 3778 860 3860 optimi
879 3775 978 3842 futuri
1006 3778 1070 3843 sint
1089 3777 1205 3842 civium
1222 3777 1340 3858 animi,

412 3894 615 3975 certatimque
640 3893 758 3975 optima
776 3892 897 3971 dicere,
932 3892 1001 3956 sive
1016 3904 1100 3974 grata
1115 3890 1259 3958 accidunt
1286 3914 1342 3961 au·

413 4013 570 4085 clientibus
597 4010 664 4076 sive
686 4007 816 4091 iarun.
844 4038 850 4051 ·

1282 4130 1344 4197 Sed
