2992 5220
804 488 976 566 -38-

419 667 508 734 dam:
543 683 607 748 quo
638 664 692 747 qui
722 661 893 729 destitutus
930 663 1036 729 stttdIo
1066 675 1137 742 est,
1166 662 1218 729 vix
1251 662 1350 727 homo

423 782 625 866 appellandus
643 784 646 792 '
663 781 810 863 videtur3
845 781 901 846 sed
931 779 992 845 hoc
1029 777 1091 846 fert
1117 778 1191 844 item
1220 778 1355 844 hominis
1444 830 1447 835 .

422 912 557 980 natura,
586 911 644 979 ut,
679 897 865 981 quantosvis
885 897 918 962 in
939 915 1040 962 rerum
1060 895 1187 962 scientia
1207 913 1355 980 prognos-

424 1012 623 1096 susfocetit,
645 1013 745 1097 pulcri
764 1012 967 1079 admiratione
988 1030 1027 1078 eo
1047 1012 1199 1079 adductus
1219 1011 1352 1095 primum

425 1119 532 1198 fuerit.
588 1130 663 1215 Quo
691 1129 751 1210 fit,
792 1143 829 1194 ut
863 1147 936 1194 vera
964 1127 1126 1210 disciplina
1162 1127 1201 1193 ab
1232 1127 1354 1195 artibus
1425 1129 1428 1134 ’

426 1243 558 1311 ducatur
587 1243 752 1307 continuo.
797 1241 848 1306 Eo
870 1242 945 1305 haec
975 1255 1117 1323 spectat,
1140 1256 1175 1306 ut
1199 1242 1358 1310 doctrina·

428 1378 497 1426 tum
526 1375 589 1442 ope
609 1357 647 1423 ad
676 1357 838 1425 veritatem
855 1371 887 1423 et
911 1356 1092 1441 sapientiam
1120 1357 1355 1441 perveniamus3

428 1475 485 1542 sod
522 1493 587 1557 quo
618 1474 693 1541 illuc
735 1474 839 1559 aptius
876 1472 1063 1556 faciliusque
1095 1474 1361 1560 progrediamur,

430 1591 550 1659 artibus
581 1591 715 1675 primum
747 1590 886 1656 colendis
917 1591 955 1656 ad
983 1589 1089 1673 pulcri
1112 1589 1257 1657 ducimur
1273 1609 1360 1659 amo·

431 1726 509 1774 rem.
552 1707 685 1772 Amasse
715 1724 810 1789 quem
838 1720 964 1792 oportet
991 1684 1161 1791 pulcrum,
1183 1706 1211 1773 si
1231 1707 1361 1792 quidem

433 1822 501 1906 pati
529 1840 635 1888 amore
668 1839 776 1889 verum
814 1823 856 1888 sit
894 1838 1144 1907 prosecuturusa
1178 1838 1245 1894 tum
1284 1843 1363 1895 veto,

433 1941 557 2008 demum
582 1953 613 2006 et
634 1939 791 2005 veritatem
815 1953 852 2004 ut
876 1938 1051 2022 virtutem,
1074 1953 1110 2007 ut
1132 1939 1264 2008 amasios
1285 1959 1363 2008 suos

435 2070 611 2138 amatores,
642 2058 725 2122 colet
751 2071 784 2122 et
814 2056 1049 2139 propugnabit,
1083 2053 1287 2139 profetetque
1315 2056 1366 2123 in·

436 2173 529 2259 genio
570 2190 601 2239 et
638 2173 727 2256 quasi
754 2172 877 2257 pariet,
916 2190 997 2254 quae
1035 2171 1158 2240 veritati
1190 2187 1222 2239 et
1252 2171 1363 2241 virtuti

436 2304 512 2356 sunt
541 2307 691 2374 congrua.
731 2290 808 2371 Sic,
832 2289 901 2374 ipsa
923 2303 1051 2354 naturae
1080 2289 1172 2372 lege,
1195 2291 1234 2356 ad
1261 2307 1364 2358 retum

436 2406 596 2475 scientiam
618 2420 650 2471 et
672 2405 877 2488 sapientiam,
899 2425 955 2490 per
983 2406 1085 2489 pulcri
1110 2405 1367 2492 philosophiam,

438 2525 541 2591 aditus
568 2523 688 2588 homini
708 2536 805 2605 patet.
830 2525 862 2569 (¹)
1100 2509 1102 2512 ’

481 2640 633 2704 Illustrari
663 2640 717 2703 hac
749 2638 833 2703 forte
864 2640 1008 2720 populari
1028 2639 1148 2706 ratione
1172 2640 1393 2709 Platonicum

441 2753 541 2833 illud,
578 2753 693 2838 pulcra
719 2773 771 2818 nos
798 2750 845 2816 ad
874 2771 980 2818 uerum
1008 2751 1120 2818 ducere
1154 2759 1283 2842 uerique
1322 2760 1372 2822 in·

441 2870 569 2940 condere
597 2889 724 2949 amore,
759 2868 988 2951 quodammodo
1019 2869 1147 2951 possit3
1181 2871 1238 2937 sed
1264 2870 1369 2956 ipsius

444 2985 703 3055 reminiscendum
723 2984 865 3050 Platonis
882 2999 951 3066 est,
973 2985 1028 3051 ubi
1047 2986 1192 3052 sublimia
1213 2988 1288 3055 haec
1319 3010 1373 3058 su·

445 3102 534 3168 blinti
563 3099 704 3166 oratione
735 3115 767 3166 et
790 3118 829 3167 ex
851 3101 918 3184 ipsa
945 3105 1058 3169 amoris
1089 3104 1145 3185 vi,
1187 3124 1254 3188 quo
1286 3107 1373 3174 ardet

446 3216 678 3298 adolescentia,
710 3217 872 3301 explicuit.
928 3218 1052 3286 Itineris
1093 3221 1293 3288 recordemur
1322 3224 1377 3293 do·

447 3354 539 3417 nuo,
562 3353 627 3416 quo
648 3336 686 3401 ad
704 3334 804 3419 pulcri
826 3334 986 3401 scientiam
1007 3336 1165 3420 simulque
1192 3338 1226 3403 in
1244 3339 1376 3409 mediam

446 3454 514 3521 veri
552 3451 785 3538 philosophiam
824 3470 884 3519 nos
915 3453 1005 3519 duxit
1033 3453 1186 3521 Diotime.
1244 3454 1379 3526 ordien-

447 3572 522 3638 dum
558 3569 649 3635 nobis
688 3569 847 3654 praecepit
888 3589 905 3634 a
944 3568 1055 3638 formis
1096 3572 1273 3657 spectandis
1306 3572 1377 3655 pul·

1293 3685 1377 3766 cris,

487 3885 527 3955 (ι)
549 3888 758 3941 Accommodare
769 3887 834 3940 haec
858 3887 1024 3954 temporibus
1040 3887 1141 3937 nostris
1159 3884 1249 3937 studui
1268 3884 1296 3937 in
1314 3901 1380 3936 ora.

450 3982 575 4037 tlonedc
592 3987 687 4055 pulcri
708 4005 819 4049 amore,
839 4003 907 4056 quae
934 3992 1021 4038 entat
1037 3984 1065 4036 in
1084 3983 1182 4045 Amal·
1201 3983 1286 4039 dead.
1302 3983 1380 4039 llho-
1421 4062 1426 4069 ἡ

448 4085 549 4155 wltaj.
568 4085 603 4136 A.
622 4080 689 4150 1817
712 4085 740 4130 et
761 4082 839 4150 ²⁸¹9·
