2992 5220
663 483 837 562 *¹85-

198 653 202 659 ’
281 680 329 731 ret
353 664 514 731 audientes
555 659 749 745 ignorantiae
782 674 877 741 atque
916 657 1078 726 socordiae
1114 677 1211 741 auae,

279 797 422 862 quaeque
457 779 598 864 generosi
636 777 768 861 pudoris
800 778 849 843 vis
885 790 965 857 est,
1005 775 1212 842 excitarentur

278 896 406 962 virtutis
437 894 564 975 studio,
596 894 734 978 ipsoque
763 894 824 960 hoc
854 893 961 961 studio
992 893 1032 960 ad
1057 893 1211 976 praeclara

277 1011 474 1095 suscipienda
516 1009 654 1077 facinora
691 1012 927 1077 adducerentur.
1007 1010 1208 1094 Spectaverat

191 1111 196 1118 ’
276 1127 441 1211 disciplina
465 1129 621 1195 Socratica
643 1129 863 1208 honestatem,
884 1125 1128 1207 verecundiam,
1169 1123 1209 1190 li·

277 1244 493 1324 beralitatetn,
521 1245 674 1324 omnino,
693 1245 781 1326 quod
807 1245 963 1329 appellare
986 1243 1130 1324 solebat,
1161 1247 1209 1315 ri

277 1366 423 1431 antiit
458 1360 572 1442 quodsi
601 1360 734 1445 legimus
771 1361 1041 1441 Demosthenem,
1073 1359 1127 1427 vix
1157 1359 1208 1424 ul-

274 1475 334 1540 lam
372 1472 601 1539 absolverimus
634 1475 829 1556 orationem,
873 1474 951 1557 quin
991 1473 1206 1558 nosmetipsos

274 1590 443 1655 sentiamus
473 1591 573 1673 pulcri
612 1591 804 1673 honestique
840 1610 944 1656 amore
974 1590 1203 1657 inflammatosr

277 1706 363 1786 quod
400 1721 431 1771 et
459 1708 595 1773 sensisse
621 1722 743 1773 veteres
778 1706 943 1788 videntur,
984 1726 1056 1772 cum
1079 1725 1132 1773 eas
1159 1707 1206 1772 le·

275 1836 407 1904 gerent,
428 1836 461 1887 et
483 1840 623 1886 caussam
645 1823 820 1887 habuerunt
847 1824 895 1888 vis
922 1824 1007 1888 illius
1026 1837 1060 1890 et
1076 1822 1205 1890 efficaci

275 1937 347 2001 tatis
387 1938 582 2021 stupendae,
614 1957 706 2019 quam
729 1939 797 2020 ejus
827 1938 1008 2018 eloquentia
1039 1938 1072 2002 in
1102 1939 1206 2006 Athe·

274 2054 423 2135 nienses,
446 2054 478 2118 in
503 2053 591 2136 ipsos
619 2053 697 2119 adeo
727 2052 899 2119 Thebanos
924 2052 1045 2118 habuit.
1088 2053 1203 2121 Panae·

273 2171 363 2252 tius,
385 2171 431 2237 sic
458 2171 590 2255 scriptas
622 2190 692 2237 esse
720 2174 889 2255 plerasque
919 2172 987 2255 ejus
1019 2170 1198 2252 orationes,

273 2287 511 2367 animadvertit,
532 2294 570 2363 aie
600 2291 685 2370 plin
705 2297 758 2359 τοῦ
787 2295 881 2358 καλοῦ
900 2293 949 2357 ,δι’
978 2294 1051 2357 uiri
1078 2294 1198 2372 almon

273 2406 377 2482 ὄντος,
400 2404 431 2447 (¹)
453 2418 489 2468 ut
507 2408 563 2489 qui
581 2403 752 2480 decernat,
776 2405 933 2467 honestum
947 2417 1080 2489 propter
1105 2423 1137 2467 so
1156 2407 1205 2490 ip-

273 2540 340 2585 sum
370 2539 431 2584 csse
461 2516 683 2605 expetendum:
712 2519 839 2584 duxisse
870 2536 942 2584 eum
971 2517 1056 2583 cives
1076 2523 1109 2588 oi
1130 2523 1204 2601 ntia

273 2640 308 2705 ri
328 2636 422 2715 ἥδιςον
449 2639 467 2714 ἢ
492 2642 578 2720 idedu
604 2637 622 2715 ἣ
648 2638 880 2707 >contrahimur
892 2681 903 2715 ‚
935 2655 995 2700 tlon
1022 2633 1068 2699 ad
1096 2633 1201 2715 ilud,

273 2749 358 2837 quad
373 2766 432 2817 aut
448 2749 730 2831 iucundissimum,
752 2766 812 2816 arn
824 2752 1043 2833 facillimum,
1063 2765 1122 2818 aut
1139 2754 1205 2818 uti·

274 2869 424 2933 dissimum
450 2883 551 2948 esset,
573 2872 660 2965 dania
681 2876 844 2952 πολλαχοῦ
872 2873 927 2948 airu
947 2873 1127 2954 undatim
1151 2873 1204 2940 ani

275 2990 330 3064 riu
356 2988 502 3069 σωτηρίων
526 2986 618 3054 eierat
649 2989 708 3054 δεῖν
730 2988 760 3054 ἐν
787 2988 909 3069 δευτέρᾳ
930 2988 1017 3067 τάξει
1037 2992 1088 3055 τοῦ
1108 2989 1205 3054 καλοῦ

272 3105 485 3193 northluianti
504 3110 556 3173 τοῦ
579 3106 738 3186 πρέποντος
755 3148 767 3182 ,
783 3101 814 3147 (·)
833 3100 889 3169 scd
900 3100 1066 3167 identidem
1088 3104 1205 3167 sauri·

241 3204 370 3285 ‘ratem
393 3234 489 3304 atque
524 3220 656 3285 salutem
685 3216 924 3305 postponendam
953 3234 1053 3282 censer
1082 3218 1205 3283 honesto

274 3349 304 3397 er
331 3333 450 3397 decoro.
501 3332 577 3416 Quo
608 3346 759 3411 quantum
789 3331 919 3395 valuerit
947 3333 1031 3412 apud
1060 3331 1205 3396 homines

273 3447 364 3514 etiam
387 3445 540 3525 timidos,
564 3446 719 3528 ignavos,
742 3445 861 3526 quique
889 3444 1008 3509 animos
1029 3445 1206 3528 desponde·

276 3577 344 3630 rent
363 3564 477 3646 plane,
509 3563 616 3642 quales
639 3560 783 3627 Thebani
806 3575 892 3626 erant
922 3575 998 3644 post
1028 3561 1101 3627 belli
1121 3558 1205 3630 Pho·

273 3681 376 3749 censis
404 3680 530 3759 clades,
570 3678 802 3762 Theopompus
830 3697 989 3746 enarrasse
1015 3679 1130 3747 diserte
1156 3681 1206 3747 vi-

276 3799 389 3881 detur,
411 3799 503 3884 cujus
525 3796 600 3864 haec
632 3795 727 3861 verba
747 3795 883 3862 servavit
901 3795 1109 3864 Plutarchus:
1131 3802 1150 3879 il
1172 3801 1205 3870 ll

1152 3919 1206 3986 τοῦ

311 4047 354 4118 (a)
373 4047 511 4108 unt-mu
528 4054 584 4110 aila
602 4054 682 4106 uem.
700 4070 725 4109 c.
747 4069 787 4107 ra.
862 4040 912 4122 (a)
932 4051 1002 4104 Eud.
1021 4051 1064 4139 1..
1113 4089 1117 4099 ,
