2992 5220
824 481 1000 543 ,54-

446 657 513 708 rat:
542 644 693 731 parturis
721 643 859 722 seilicet,
880 642 1063 721 Theaeteto,
1093 655 1259 729 propterea
1288 640 1373 728 qood

445 780 504 826 non
521 781 637 829 uacuus
659 780 712 838 es,
733 757 788 823 sed
798 738 1000 846 praegnans:
1020 776 1084 823 non
1111 756 1248 823 tenebat.
1272 758 1371 843 Ege,

443 875 571 959 mquit,
595 875 672 959 quid
691 875 767 941 mihi
783 875 952 956 acciderit,
974 875 1066 941 dico:
1089 894 1138 940 me
1155 889 1257 940 autem
1269 890 1378 958 partu·

446 992 528 1074 rire,
550 994 612 1058 hoc
621 994 696 1074 quid
706 991 748 1059 sit
766 994 891 1078 ignoto.
919 993 1004 1058 Tum
1015 993 1157 1059 Socrates
1170 1013 1178 1057 ε
1192 1007 1373 1072 tuaevero,

448 1109 594 1189 abone,
616 1110 762 1195 ignoras,
784 1111 989 1176 Phaenaretae
1013 1128 1063 1174 me
1083 1128 1153 1175 esse
1172 1109 1296 1188 filium,
1319 1108 1377 1173 ob·

448 1227 585 1294 stetricis
608 1245 775 1311 generosae
791 1245 940 1308 perquam
964 1240 995 1291 et
1024 1227 1172 1290 severae?
1191 1265 1236 1278 --
1255 1224 1378 1290 Audivi

450 1360 534 1409 stne.
556 1379 603 1396 -
621 1342 787 1424 Numquid
806 1342 902 1422 item,
925 1341 1059 1408 eamdem
1081 1360 1131 1408 me
1152 1355 1248 1407 artem
1266 1356 1377 1406 tracta·

450 1475 509 1537 re,
530 1457 703 1524 audivisti?
724 1497 767 1511 -
789 1457 860 1522 Hoc
878 1475 1085 1538 nequaquam.
1108 1490 1154 1506 -
1174 1456 1219 1520 At
1237 1454 1318 1519 scito
1335 1454 1378 1519 ita

451 1592 595 1643 essetne
614 1593 663 1641 me
684 1590 785 1639 tamen
803 1575 887 1655 apud
906 1588 1044 1637 caeteros
1056 1571 1192 1655 prodas:
1214 1590 1284 1636 nam
1303 1574 1378 1637 latet

451 1709 583 1771 omnes,
605 1710 625 1755 o
645 1691 755 1771 amici,
778 1692 854 1757 hanc
879 1708 928 1755 me
941 1704 1036 1755 artem
1053 1691 1189 1771 callere3
1212 1689 1257 1753 illi
1280 1708 1378 1769 vero,

453 1806 573 1890 quippe
589 1808 789 1892 ignorantes,
812 1807 871 1874 hoc
896 1807 1021 1889 quidem
1043 1807 1081 1871 de
1098 1825 1148 1872 me
1167 1824 1232 1871 non
1249 1805 1378 1886 dicunt,

451 1922 508 1989 sed
534 1922 762 2006 ineptissimum
793 1942 843 1989 me
868 1942 938 1989 esse
972 1923 1129 1989 hominem
1160 1937 1191 1989 et
1229 1923 1307 1987 alios
1346 1923 1396 2001 in,

451 2041 610 2123 angustias
640 2041 762 2125 adigere
790 2041 1015 2122 colloquendo.
1067 2041 1208 2106 Hoceine
1233 2039 1381 2107 audivisti

452 2157 551 2224 item?
572 2197 616 2211 -
636 2158 672 2222 ld
702 2158 843 2223 omnino·
873 2196 917 2209 -
949 2157 1048 2222 Visne
1072 2157 1131 2221 tibi
1160 2176 1298 2221 caussam
1321 2157 1380 2220 hu·

449 2274 503 2360 J'us
524 2275 568 2339 rei
585 2274 711 2340 dicam?
732 2274 910 2360 -Quidni
932 2274 1053 2339 velim?
1074 2298 1120 2326 -ι-
1135 2273 1266 2356 Reputo
1285 2274 1380 2356 igitur

451 2404 555 2457 tecum
584 2406 686 2456 totum
709 2391 912 2456 obstetricum
941 2389 1126 2474 negotium,
1157 2391 1319 2472 quomodo
1344 2409 1382 2457 se

453 2508 586 2590 habeat,
609 2524 640 2575 et
669 2507 760 2574 facile
787 2508 839 2588 id,
862 2508 949 2590 quod
971 2506 1068 2586 v010,
1089 2507 1281 2589 assequeris.
1311 2507 1380 2574 Scis

452 2624 560 2704 enim,
603 2627 718 2689 nullam
740 2644 866 2706 earum,
908 2625 1052 2704 quamdiu
1082 2625 1222 2707 concipit
1251 2625 1332 2709 ipsa'
1350 2633 1405 2693 et*

453 2713 558 2823 parit,
580 2740 645 2804 aliis
674 2739 819 2821 opitulari
848 2739 1115 2822 parturientibus,
1147 2743 1286 2808 scd-hoc
1316 2741 1381 2809 fac·

454 2857 546 2923 tittre
574 2874 647 2935 cas,
692 2875 771 2936 quae
798 2858 859 2941 jam
895 2875 1000 2940 parere
1036 2876 1101 2923 non
1134 2861 1297 2941 possunt?
1336 2896 1383 2914 -

455 2971 606 3039 Omnino.
629 3010 672 3023 —
705 2973 856 3042 Caussam
889 2973 983 3057 hujus
1012 2975 1055 3041 rei
1083 2975 1213 3042 Dianam
1241 2997 1312 3045 esse
1337 2979 1385 3046 fe-

455 3104 553 3169 runt,
583 3107 664 3170 quae
682 3107 746 3154 non
768 3089 889 3172 patiens
919 3090 984 3174 ipsa
1014 3107 1158 3175 partuum
1179 3113 1284 3158 curam
1312 3115 1384 3160 sus·

454 3207 553 3290 cepit.
597 3206 760 3273 sterilibus
789 3207 915 3288 quidem
942 3208 1164 3274 obstetricandi
1184 3229 1298 3275 munus
1319 3228 1384 3278 non
1440 3188 1449 3195 ⁵

456 3325 558 3406 dedit,
581 3325 656 3408 quia
685 3343 750 3390 non
771 3324 832 3391 fcrt
862 3325 996 3420 hominis
1019 3342 1150 3408 natura,
1180 3341 1216 3392 ut
1241 3346 1290 3393 res
1318 3343 1386 3395 arte

456 3459 589 3526 tractet,
612 3421 742 3527 quarum
770 3443 840 3527 ipse
866 3443 906 3508 sit
927 3462 1060 3526 expers:
1089 3444 1174 3509 dedit
1196 3463 1271 3510 vero
1294 3444 1383 3526 illis,
1462 3419 1468 3426 ’

458 3580 537 3643 quae
565 3581 622 3643 per
644 3575 773 3627 aetatem
806 3578 870 3626 non
896 3576 1028 3643 possent
1057 3562 1244 3644 concipere,
1279 3581 1382 3629 aarum

459 3694 564 3743 secum
586 3677 815 3744 similitudinem
843 3678 1013 3743 honorans.
1044 3712 1092 3730 -
1120 3679 1298 3746 Verisimile
1323 3680 1383 3745 hoc

461 3795 598 3876 quidem.
620 3833 665 3846 -
683 3795 802 3858 Nonne
827 3812 904 3859 vcro
923 3793 982 3855 hoc
1001 3793 1074 3858 item
1095 3808 1126 3859 et
1153 3794 1321 3863 verisimile
1348 3813 1383 3863 et

458 3911 689 3987 necessarium,
712 3896 791 3990 duae
816 3923 1020 3992 praegnantes
1045 3906 1133 3989 sint,
1158 3929 1301 3997 quaeque
1319 3932 1384 3983 non

459 4031 547 4112 sint,
584 4028 623 4095 ab
658 4024 879 4093 obstetricibus
910 4023 1050 4108 dignosci
1086 4026 1225 4110 magis,
1248 4049 1387 4111 quamn

1319 4164 1389 4213 etc·
