2992 5220
548 466 721 534 ...27-

163 636 228 718 ‘qui
259 651 349 721 aegre
379 634 417 700 ad
446 633 624 717 disciplinas
654 632 818 716 procedit,
857 636 988 718 juvenili
1013 657 1100 724 praa·

161 753 273 820 aertim
298 766 422 832 aetate,
464 751 597 816 necdum
625 751 744 816 ratione
775 752 980 832 discernens,
1023 755 1100 837 qaid

170 871 248 937 utile
275 870 317 935 ait
347 867 424 950 quid
453 885 541 947 non,
579 884 637 932 nec
665 867 842 935 studiosum
872 884 942 933 esse
962 865 1099 938 dicemus

161 1005 228 1054 ‘nec
251 990 432 1070 Φιλόσοφον
470 984 728 1066 quemadmodum
742 985 864 1065 illum,
901 983 956 1068 qui
980 981 1101 1050 fastidit

169 1102 301 1186 epulan,
333 1084 437 1182 neque
458 1099 577 1166 esurire
604 1099 748 1165 dicimus<
767 1120 868 1183 neque
897 1101 1005 1184 epulas
1025 1118 1102 1167 con·

168 1217 354 1303 capisene,
376 1236 441 1282 non
464 1220 618 1302 φιλόσιτον
637 1235 730 1297 esse,
752 1219 1002 1289 sed‘xerlrrrcrr
1034 1222 1097 1289 'riv

170 1341 201 1407 al
230 1340 264 1415 th
289 1344 416 1422 εὐχερῶς
430 1330 433 1339 ’
448 1339 586 1404 ἐθέλοντα
610 1339 723 1411 παντὸς
754 1338 931 1418 μαθήματος
959 1319 1099 1416 arderici

76 1464 78 1469 ’
168 1456 220 1524 arai
245 1458 379 1538 ἄσμενῶς
417 1455 466 1524 ἐπὶ
495 1457 529 1521 ri
564 1454 721 1535 μανθάνειν
753 1454 836 1521 idrrrc
865 1454 915 1519 rai
953 1434 1098 1531 draicote

167 1574 305 1657 lxiona,
326 1578 430 1641 τοῦτον
455 1575 482 1641 δ’
512 1575 543 1640 ἐν
565 1574 631 1654 δίκῃ
657 1573 794 1655 <biccari
814 1569 1008 1655 φιλόσοφον.Ι
1035 1565 1101 1653 Qvi
1144 1609 1147 1615 2

167 1705 240 1755 vcro
254 1687 357 1773 facilc
376 1708 414 1752 ac
430 1701 532 1775 sponte
556 1687 676 1751 nullam
698 1707 757 1752 nort
776 1685 971 1772 disciplinam
987 1681 1102 1772 ¹dc'grer·

167 1819 239 1871 rarc
267 1807 354 1892 cupit
381 1817 412 1869 cc
437 1800 561 1890 placida
592 1800 638 1866 ad
664 1799 840 1867 discendum
871 1785 1011 1888 procedit
1045 1803 1101 1867 acc

168 1923 285 1988 satiari
314 1917 455 1984 discendo
470 1932 597 2005 potest,
624 1917 705 1982 hunc
736 1914 858 1982 demum
870 1917 951 2005 jura
968 1900 1102 2017 philota-

162 2033 260 2122 pium
282 2030 427 2096 dicemus.
450 2030 483 2070 (Ψ
871 2038 874 2045 ’
1047 2030 1055 2045 ’

208 2148 426 2213 Memorarunt
449 2145 528 2210 hanc
549 2144 730 2211 sententiam
752 2145 890 2213 Platonis
912 2166 1004 2232 quam
1027 2132 1099 2238 pla·

166 2261 235 2329 rimi
263 2273 428 2339 veterum,
450 2277 508 2324 nec
528 2263 640 2342 poetae
659 2259 731 2324 inde
752 2273 897 2341 tantum,
913 2264 1001 2344 'quos
1020 2264 1101 2339 dirl-

165 2398 259 2461 mus,
281 2378 338 2445 sed
360 2377 545 2461 philosophi
570 2376 663 2467 etiam
682 2374 906 2460 profecerunt3
929 2360 1033 2463 panci'
1046 2374 1102 2453 νο·-

164 2517 200 2564 ro
233 2495 318 2562 omni
349 2511 448 2561 aetate
476 2493 623 2574 fuerunt,
655 2493 711 2575 qui
738 2492 818 2559 idem
846 2493 923 2560 illud
948 2495 1098 2578 placitum

166 2615 205 2681 ad
226 2613 393 2679 liberaliter
410 2610 622 2678 instituendos
640 2611 795 2694 juvenes,
817 2611 931 2678 nedum
954 2610 991 2679 ad
1008 2627 1100 2681 natu·
1175 2620 1178 2626 '

165 2732 258 2798 ralem
290 2730 558 2797 demonstrandam
581 2728 692 2793 artium
712 2729 965 2812 conjunctionem
984 2726 1100 2818 cogna-

166 2840 349 2930 tionemque
365 2846 561 2913 adhiberent.
607 2846 694 2912 Fecit
723 2862 824 2914 autem
849 2847 984 2927 Cicero,
1005 2866 1100 2934 atquc

164 2963 207 3029 ita
232 2962 332 3045 fecit,
353 2978 390 3029 ut
413 2963 559 3052 canipae
587 2977 703 3048 sponte
727 2962 760 3027 in
788 2963 927 3029 Platonis
956 2943 1098 3050 vestigiis

165 3082 335 3160 procedere
366 3081 535 3148 videretur.
601 3080 737 3164 Fingens
774 3080 827 3144 ille
856 3079 1019 3161 similiter,
1048 3072 1100 3149 'ut
1166 3128 1172 3144 ,

130 3280 133 3284 ⁴
165 3192 254 3257 Plato
285 3188 525 3279 philosophos,
569 3196 612 3262 ita
643 3197 712 3280 ipse
743 3210 884 3262 oratores
918 3195 1100 3281 perfector,

165 3306 283 3393 pariter
312 3305 345 3371 in
376 3307 414 3371 iis
443 3327 474 3375 et
498 3313 582 3377 hunc
607 3314 746 3379 ardorem
773 3315 888 3380 amoris
917 3328 950 3380 ct
981 3315 1099 3384 nullius

164 3442 230 3492 non
259 3422 334 3489 artis
364 3422 585 3504 doctrinaeque
614 3432 753 3496 studium
781 3432 973 3514 postulabat.
1029 3433 1100 3502 Nec

166 3540 293 3605 mirum.
339 3538 435 3624 Qnod
458 3539 497 3605 ab
529 3538 596 3604 aliis
619 3544 784 3626 exigebat,
807 3548 877 3629 ipse
904 3530 1102 3634 praestabatj

169 3655 288 3739 quippe
308 3654 376 3737 ipse
396 3659 505 3722 natura
528 3656 589 3722 hoc
611 3673 675 3724 erat
696 3659 846 3745 ingenio,
868 3676 926 3745 nt,
949 3663 1106 3751 quidquid

168 3770 349 3838 inanibus
381 3774 523 3854 pulcrum
554 3789 638 3844 esset
665 3793 697 3846 et
728 3781 941 3866 praeclaram,
969 3779 1104 3870 pronai

1067 3917 1102 3968 att

201 4023 327 4095 (issep.
347 4021 383 4077 V.
401 4024 453 4098 ⁴7⁵
471 4025 504 4079 C.
569 4077 573 4095 ,
