2992 5220
797 446 992 491 *120-

438 607 630 672 studeemus.
689 603 776 692 Quae
812 607 890 671 ratio
922 607 967 670 sie
1000 620 1125 672 naturae
1165 626 1368 679 consentanea

435 737 484 786 esi
499 720 617 804 ingenii
639 722 787 802 humani,
822 736 858 787 ut
883 722 998 806 linguis
1019 725 1094 790 adeo
1124 725 1263 791 omnium
1294 747 1366 810 geu·

437 837 516 902 tium
550 840 781 922 comprobetur.
834 839 942 921 Nam,
981 840 1069 921 quod
1104 860 1123 938 a
1151 843 1366 925 compluribus
1424 917 1426 921 ,

430 953 685 1022 ‚animadversum
709 955 908 1039 philosophis
930 971 1001 1039 est,
1024 975 1228 1043 quaecunque
1256 961 1289 1025 in
1308 959 1367 1026 lin·

437 1072 508 1155 gnis
540 1072 691 1139 vocabula
729 1075 790 1157 res]
819 1074 956 1140 indicant
984 1094 1002 1138 a
1029 1076 1177 1158 sensibus
1208 1090 1367 1158 remotas,

429 1189 488 1252 ·vel
515 1189 607 1254 dueta
634 1205 709 1255 sunt
725 1194 774 1257 vel
803 1194 940 1258 colorem
970 1205 1054 1258 certe
1075 1193 1224 1267 habenta
1246 1195 1366 1275 rebus,

436 1323 516 1386 quae
555 1305 719 1388 videntur,
750 1308 941 1387 audiuntur,
988 1323 1180 1389 tanguntur,
1218 1308 1363 1372 sensibus

355 1499 359 1510 Δ
437 1420 565 1487 omnino
583 1422 822 1507 percipiuntur.
866 1423 910 1486 Et
935 1437 1036 1501 vero,
1058 1421 1120 1486 nisi
1139 1441 1178 1486 ex
1205 1422 1292 1489 hisce
1309 1440 1365 1486 co-
1413 1408 1414 1412 ¹

435 1537 563 1619 gitando
601 1534 747 1618 imagines
777 1553 935 1602 sumemus
970 1538 1008 1602 ad
1035 1537 1086 1602 illa
1112 1537 1205 1630 nobis
1244 1558 1365 1622 reprae-

434 1652 604 1731 sentanda,
634 1670 674 1717 ne
695 1650 832 1734 cogitare
852 1654 930 1719 adeo
963 1653 1057 1721 nobis
1085 1655 1123 1725 de
1151 1654 1212 1720 illis
1231 1655 1363 1725 'liceret.

428 1767 536 1853 Quod
547 1781 672 1835 nostrae
691 1769 814 1851 linguae
834 1769 976 1853 Belgicae
993 1771 1182 1838 vocabulum
1202 1768 1368 1843 desibodi

434 1899 467 1949 et
494 1887 609 1968 probat
639 1901 671 1952 et
700 1887 812 1952 eximie
835 1889 981 1956 illustrat.

476 2000 571 2068 Haud
600 2001 713 2069 iccireo
741 2005 792 2069 vei
828 2007 973 2071 miremur
1001 2008 1052 2073 vel
1089 2024 1179 2091 aegre
1203 2002 1363 2085 feramus,

435 2120 493 2185 ubi
523 2119 652 2204 Hospes
683 2123 736 2187 ille
754 2122 850 2192 nobis
870 2122 998 2188 viliores
1031 2137 1135 2202 artes,
1168 2137 1205 2187 ut
1230 2123 1366 2205 piscato·

433 2237 511 2302 riam
529 2252 562 2304 et
582 2239 763 2318 textoriam,
776 2240 940 2320 proponit.
973 2239 1125 2321 Imagines
1145 2250 1237 2318 sunt,
1254 2256 1272 2301 e
1293 2235 1363 2316 qui·

435 2354 497 2420 bus
515 2355 553 2418 nd
576 2374 626 2420 res
655 2353 852 2438 gravissimas
881 2334 1088 2434 inprimisque
1104 2352 1252 2417 sublimes
1280 2369 1363 2415 asse·

434 2472 573 2552 quendas
603 2472 813 2551 conjecturam
844 2470 1004 2533 ducamus.
1048 2467 1186 2553 Negotia
1213 2480 1362 2534 memorat

435 2588 581 2666 deinceps
612 2585 644 2648 in
665 2583 809 2670 Sophista
835 2587 930 2670 longe
955 2586 1046 2652 etiam
1079 2585 1201 2652 viliora.
1254 2584 1359 2665 Nam,

432 2712 526 2782 capto
547 2700 719 2781 Sophiste,
756 2702 801 2766 sic
830 2721 927 2784 porro
962 2703 1090 2785 Hospes
1124 2703 1186 2766 illic
1215 2702 1358 2767 Eleatesa

433 2814 522 2882 vides
547 2813 664 2900 igitur,
708 2815 830 2897 inquit,
870 2834 979 2880 verum
1007 2836 1078 2881 esse
1109 2817 1195 2896 quod
1222 2815 1358 2894 dieitur,

432 2938 564 3004 ποίκιλον
594 2935 746 2998 essehoc
771 2930 903 3012 animal,
925 2946 1024 3012 utque
1045 2930 1214 3012 proverbio
1237 2928 1359 3012 fertur,

432 3067 498 3116 non
519 3051 614 3115 alteri
634 3066 727 3115 manu
745 3049 1081 3130 comprehendendum.
1101 3082 1150 3102 ·-
1169 3048 1258 3131 Ergo
1278 3047 1362 3112 utri-

432 3184 496 3248 que
523 3180 662 3251 oportet.
685 3206 729 3220 -
749 3165 886 3250 Oportet
914 3184 989 3232 sane
1018 3179 1050 3230 et
1071 3184 1131 3249 pro
1157 3164 1279 3230 viribus
1315 3164 1360 3233 sic

430 3303 581 3374 agamus,
623 3284 806 3368 hujusmodi
836 3286 904 3368 ejus
933 3282 1101 3368 vestigium
1121 3295 1356 3374 persequentes.

431 3403 493 3470 Dic
521 3401 620 3483 mihi,
642 3377 803 3469 servilium
826 3398 987 3469 nominum
1018 3416 1205 3482 usurpamus
1226 3395 1361 3458 nonnul·

432 3519 487 3587 lai
518 3556 563 3572 -·
592 3520 638 3588 Et
655 3523 757 3589 multa
781 3520 929 3602 quidem
962 3518 1017 3593 sed
1047 3516 1158 3587 horum
1188 3510 1358 3580 multorum

433 3657 587 3719 quaenam,
611 3637 759 3722 quaeris?
780 3677 824 3693 -
846 3634 957 3713 Talia,
981 3628 1080 3711 qualia
1109 3639 1183 3694 sunt
1205 3647 1285 3709 quae
1314 3629 1360 3702 di·

430 3755 529 3822 cimus
551 3758 735 3845 percolato,
763 3752 975 3825 excribrata„
997 3764 1150 3833 saa-naara.
1183 3780 1229 3798 -
1260 3746 1362 3834 Quid·

372 3912 376 3919 -
427 3872 485 3938 ni?
508 3909 551 3933 «-
573 3872 761 3957 Camisare
769 3866 947 3950 praeterea,
970 3859 1138 3944 deducere,
1158 3863 1359 3957 pectere,in7

326 3968 328 3973 ’
429 3985 515 4061 iinita
537 3986 624 4059 item.
638 3983 716 4068 alia,
738 3999 818 4066 qum
844 3983 877 4053 in
902 3977 1022 4052 artibus
1053 3982 1196 4069 usurpari
1221 3981 1354 4072 scimus,

1264 4095 1357 4173 Non·
