<?xml version="1.0" encoding="UTF-8"?>
<!DOCTYPE html PUBLIC "-//W3C//DTD XHTML 1.0 Transitional//EN"
    "http://www.w3.org/TR/xhtml1/DTD/xhtml1-transitional.dtd">
<html xmlns="http://www.w3.org/1999/xhtml" xml:lang="en" lang="en">
 <head>
  <title>
</title>
<meta http-equiv="Content-Type" content="text/html;charset=utf-8" />
  <meta name='ocr-system' content='tesseract 3.04.00' />
  <meta name='ocr-capabilities' content='ocr_page ocr_carea ocr_par ocr_line ocrx_word'/>
</head>
<body>
  <div class='ocr_page' id='page_1' title='image "./initiaphilosoph01heusgoog_0348.png"; bbox 0 0 2992 5220; ppageno 0'>
   <div class='ocr_carea' id='block_1_1' title="bbox 663 445 856 513">
    <p class='ocr_par' dir='ltr' id='par_1_1' title="bbox 663 445 856 513">
     <span class='ocr_line' id='line_1_1' title="bbox 663 445 856 513; baseline -0.016 0"><span class='ocrx_word' id='word_1_1' title='bbox 663 459 709 487; x_wconf 52' lang='grc' dir='ltr'>ν-</span> <span class='ocrx_word' id='word_1_2' title='bbox 732 445 791 513; x_wconf 76' lang='lat'>1⁵4</span> <span class='ocrx_word' id='word_1_3' title='bbox 824 460 856 479; x_wconf 93' lang='lat'>··</span> 
     </span>
    </p>
   </div>
   <div class='ocr_carea' id='block_1_2' title="bbox 203 605 1223 1748">
    <p class='ocr_par' dir='ltr' id='par_1_2' title="bbox 203 605 1223 1748">
     <span class='ocr_line' id='line_1_2' title="bbox 284 605 1219 699; baseline -0.002 -21"><span class='ocrx_word' id='word_1_4' title='bbox 284 609 427 699; x_wconf 62' lang='lat' dir='ltr'>inrepit,</span> <span class='ocrx_word' id='word_1_5' title='bbox 447 610 524 692; x_wconf 80' lang='lat' dir='ltr'>apti</span> <span class='ocrx_word' id='word_1_6' title='bbox 546 605 638 676; x_wconf 89' lang='lat' dir='ltr'>nobis</span> <span class='ocrx_word' id='word_1_7' title='bbox 656 606 843 675; x_wconf 78' lang='lat' dir='ltr'>discretione</span> <span class='ocrx_word' id='word_1_8' title='bbox 869 621 901 676; x_wconf 88' lang='lat' dir='ltr'>et</span> <span class='ocrx_word' id='word_1_9' title='bbox 916 606 1126 692; x_wconf 81' lang='lat' dir='ltr'>dispositione</span> <span class='ocrx_word' id='word_1_10' title='bbox 1144 630 1219 694; x_wconf 85' lang='lat' dir='ltr'>pro·</span> 
     </span>
     <span class='ocr_line' id='line_1_3' title="bbox 283 715 1223 830; baseline 0.001 -37"><span class='ocrx_word' id='word_1_11' title='bbox 283 715 389 830; x_wconf 57' lang='lat' dir='ltr'>posuit.</span> <span class='ocrx_word' id='word_1_12' title='bbox 432 725 542 810; x_wconf 84' lang='lat' dir='ltr'>Itaque</span> <span class='ocrx_word' id='word_1_13' title='bbox 567 726 819 809; x_wconf 70' lang='lat' dir='ltr'>comparantibus</span> <span class='ocrx_word' id='word_1_14' title='bbox 846 728 920 793; x_wconf 85' lang='lat' dir='ltr'>haec</span> <span class='ocrx_word' id='word_1_15' title='bbox 938 727 1030 794; x_wconf 88' lang='lat' dir='ltr'>nobis</span> <span class='ocrx_word' id='word_1_16' title='bbox 1054 730 1223 810; x_wconf 84' lang='lat' dir='ltr'>utriusque</span> 
     </span>
     <span class='ocr_line' id='line_1_4' title="bbox 285 843 1221 933; baseline -0.003 -18"><span class='ocrx_word' id='word_1_17' title='bbox 285 843 469 933; x_wconf 68' lang='lat' dir='ltr'>philosophi</span> <span class='ocrx_word' id='word_1_18' title='bbox 508 843 644 929; x_wconf 87' lang='lat' dir='ltr'>scripta,</span> <span class='ocrx_word' id='word_1_19' title='bbox 685 846 718 910; x_wconf 91' lang='lat' dir='ltr'>in</span> <span class='ocrx_word' id='word_1_20' title='bbox 749 844 888 912; x_wconf 79' lang='lat' dir='ltr'>Platonis</span> <span class='ocrx_word' id='word_1_21' title='bbox 917 844 1049 930; x_wconf 86' lang='lat' dir='ltr'>dialogis</span> <span class='ocrx_word' id='word_1_22' title='bbox 1084 849 1221 912; x_wconf 74' lang='lat' dir='ltr'>imantia</span> 
     </span>
     <span class='ocr_line' id='line_1_5' title="bbox 287 961 1218 1053; baseline -0.002 -25"><span class='ocrx_word' id='word_1_23' title='bbox 287 962 419 1053; x_wconf 76' lang='lat' dir='ltr'>ubivis,</span> <span class='ocrx_word' id='word_1_24' title='bbox 437 961 470 1037; x_wconf 78' lang='lat' dir='ltr'>is</span> <span class='ocrx_word' id='word_1_25' title='bbox 488 962 670 1030; x_wconf 84' lang='lat' dir='ltr'>Aristotelis</span> <span class='ocrx_word' id='word_1_26' title='bbox 693 981 769 1030; x_wconf 89' lang='lat' dir='ltr'>vero</span> <span class='ocrx_word' id='word_1_27' title='bbox 791 961 1004 1046; x_wconf 85' lang='lat' dir='ltr'>disputatione</span> <span class='ocrx_word' id='word_1_28' title='bbox 1023 967 1218 1030; x_wconf 79' lang='lat' dir='ltr'>inventorum</span> 
     </span>
     <span class='ocr_line' id='line_1_6' title="bbox 283 1078 1221 1169; baseline -0.004 -18"><span class='ocrx_word' id='word_1_29' title='bbox 283 1082 430 1169; x_wconf 68' lang='lat' dir='ltr'>expositio</span> <span class='ocrx_word' id='word_1_30' title='bbox 457 1098 492 1145; x_wconf 87' lang='lat' dir='ltr'>ac</span> <span class='ocrx_word' id='word_1_31' title='bbox 519 1078 742 1147; x_wconf 77' lang='lat' dir='ltr'>demonstratio</span> <span class='ocrx_word' id='word_1_32' title='bbox 763 1080 912 1148; x_wconf 89' lang='lat' dir='ltr'>occurrit.</span> <span class='ocrx_word' id='word_1_33' title='bbox 957 1082 990 1146; x_wconf 88' lang='lat' dir='ltr'>A</span> <span class='ocrx_word' id='word_1_34' title='bbox 1007 1082 1221 1147; x_wconf 88' lang='lat' dir='ltr'>demonstran·</span> 
     </span>
     <span class='ocr_line' id='line_1_7' title="bbox 203 1193 1216 1284; baseline 0.003 -24"><span class='ocrx_word' id='word_1_35' title='bbox 203 1213 210 1230; x_wconf 90' lang='lat'><strong>·</strong></span> <span class='ocrx_word' id='word_1_36' title='bbox 283 1194 326 1284; x_wconf 73' lang='lat' dir='ltr'>rio</span> <span class='ocrx_word' id='word_1_37' title='bbox 348 1195 446 1260; x_wconf 86' lang='lat' dir='ltr'>aliena</span> <span class='ocrx_word' id='word_1_38' title='bbox 467 1193 569 1262; x_wconf 87' lang='lat' dir='ltr'>iubis</span> <span class='ocrx_word' id='word_1_39' title='bbox 588 1196 865 1279; x_wconf 86' lang='lat' dir='ltr'>disquisitionibus</span> <span class='ocrx_word' id='word_1_40' title='bbox 886 1197 1026 1265; x_wconf 83' lang='lat' dir='ltr'>Platonis</span> <span class='ocrx_word' id='word_1_41' title='bbox 1046 1199 1126 1263; x_wconf 89' lang='lat' dir='ltr'>ratio</span> <span class='ocrx_word' id='word_1_42' title='bbox 1146 1210 1216 1263; x_wconf 80' lang='lat' dir='ltr'>esta</span> 
     </span>
     <span class='ocr_line' id='line_1_8' title="bbox 282 1310 1216 1400; baseline -0.002 -23"><span class='ocrx_word' id='word_1_43' title='bbox 282 1310 472 1400; x_wconf 72' lang='lat' dir='ltr'>Apistoteles</span> <span class='ocrx_word' id='word_1_44' title='bbox 510 1334 608 1395; x_wconf 86' lang='lat' dir='ltr'>vero,</span> <span class='ocrx_word' id='word_1_45' title='bbox 641 1313 783 1398; x_wconf 88' lang='lat' dir='ltr'>quamvis</span> <span class='ocrx_word' id='word_1_46' title='bbox 822 1331 886 1378; x_wconf 93' lang='lat' dir='ltr'>non</span> <span class='ocrx_word' id='word_1_47' title='bbox 925 1332 982 1394; x_wconf 89' lang='lat' dir='ltr'>per</span> <span class='ocrx_word' id='word_1_48' title='bbox 1013 1312 1216 1394; x_wconf 82' lang='lat' dir='ltr'>syllogismos</span> 
     </span>
     <span class='ocr_line' id='line_1_9' title="bbox 283 1423 1216 1516; baseline -0.004 -22"><span class='ocrx_word' id='word_1_49' title='bbox 283 1428 455 1516; x_wconf 71' lang='lat' dir='ltr'>procedat,</span> <span class='ocrx_word' id='word_1_50' title='bbox 477 1442 578 1493; x_wconf 78' lang='lat' dir='ltr'>maten</span> <span class='ocrx_word' id='word_1_51' title='bbox 598 1426 729 1507; x_wconf 86' lang='lat' dir='ltr'>probare</span> <span class='ocrx_word' id='word_1_52' title='bbox 749 1423 842 1488; x_wconf 89' lang='lat' dir='ltr'>nobis</span> <span class='ocrx_word' id='word_1_53' title='bbox 860 1438 892 1486; x_wconf 90' lang='lat' dir='ltr'>et</span> <span class='ocrx_word' id='word_1_54' title='bbox 910 1426 1120 1490; x_wconf 82' lang='lat' dir='ltr'>demonstrare</span> <span class='ocrx_word' id='word_1_55' title='bbox 1143 1442 1216 1491; x_wconf 86' lang='lat' dir='ltr'>sen·</span> 
     </span>
     <span class='ocr_line' id='line_1_10' title="bbox 282 1536 1214 1628; baseline -0.002 -19"><span class='ocrx_word' id='word_1_56' title='bbox 282 1543 410 1628; x_wconf 71' lang='lat' dir='ltr'>teatiam</span> <span class='ocrx_word' id='word_1_57' title='bbox 439 1559 526 1607; x_wconf 87' lang='lat' dir='ltr'>suam</span> <span class='ocrx_word' id='word_1_58' title='bbox 552 1539 677 1602; x_wconf 85' lang='lat' dir='ltr'>studet:</span> <span class='ocrx_word' id='word_1_59' title='bbox 701 1550 738 1602; x_wconf 91' lang='lat' dir='ltr'>ut</span> <span class='ocrx_word' id='word_1_60' title='bbox 756 1556 795 1602; x_wconf 84' lang='lat' dir='ltr'>ex</span> <span class='ocrx_word' id='word_1_61' title='bbox 815 1536 981 1621; x_wconf 78' lang='lat' dir='ltr'>definiendi</span> <span class='ocrx_word' id='word_1_62' title='bbox 1002 1540 1098 1605; x_wconf 93' lang='lat' dir='ltr'>modo</span> <span class='ocrx_word' id='word_1_63' title='bbox 1125 1541 1214 1608; x_wconf 87' lang='lat' dir='ltr'>intel-</span> 
     </span>
     <span class='ocr_line' id='line_1_11' title="bbox 280 1652 1216 1748; baseline 0.005 -28"><span class='ocrx_word' id='word_1_64' title='bbox 280 1656 401 1748; x_wconf 65' lang='lat' dir='ltr'>ligitur.</span> <span class='ocrx_word' id='word_1_65' title='bbox 445 1655 528 1734; x_wconf 83' lang='lat' dir='ltr'>Nam</span> <span class='ocrx_word' id='word_1_66' title='bbox 548 1652 592 1717; x_wconf 91' lang='lat' dir='ltr'>rei</span> <span class='ocrx_word' id='word_1_67' title='bbox 611 1653 651 1718; x_wconf 91' lang='lat' dir='ltr'>de</span> <span class='ocrx_word' id='word_1_68' title='bbox 678 1672 740 1734; x_wconf 83' lang='lat' dir='ltr'>qua</span> <span class='ocrx_word' id='word_1_69' title='bbox 766 1652 869 1735; x_wconf 83' lang='lat' dir='ltr'>agitur</span> <span class='ocrx_word' id='word_1_70' title='bbox 890 1652 1053 1737; x_wconf 83' lang='lat' dir='ltr'>definitio,</span> <span class='ocrx_word' id='word_1_71' title='bbox 1075 1672 1111 1721; x_wconf 91' lang='lat' dir='ltr'>ut</span> <span class='ocrx_word' id='word_1_72' title='bbox 1132 1659 1216 1739; x_wconf 87' lang='lat' dir='ltr'>apud</span> 
     </span>
    </p>
   </div>
   <div class='ocr_carea' id='block_1_3' title="bbox 151 1769 1215 1871">
    <p class='ocr_par' dir='ltr' id='par_1_3' title="bbox 151 1769 1215 1871">
     <span class='ocr_line' id='line_1_12' title="bbox 151 1769 1215 1871; baseline 0.006 -37"><span class='ocrx_word' id='word_1_73' title='bbox 151 1848 154 1853; x_wconf 32' lang='grc'><strong>,</strong></span> <span class='ocrx_word' id='word_1_74' title='bbox 278 1769 438 1871; x_wconf 75' lang='lat' dir='ltr'>Platonem</span> <span class='ocrx_word' id='word_1_75' title='bbox 467 1770 621 1836; x_wconf 85' lang='lat' dir='ltr'>cernendo</span> <span class='ocrx_word' id='word_1_76' title='bbox 647 1770 871 1854; x_wconf 75' lang='lat' dir='ltr'>iungendoque</span> <span class='ocrx_word' id='word_1_77' title='bbox 893 1770 1050 1838; x_wconf 87' lang='lat' dir='ltr'>invenitur</span> <span class='ocrx_word' id='word_1_78' title='bbox 1069 1774 1215 1856; x_wconf 91' lang='lat' dir='ltr'>tandem,</span> 
     </span>
    </p>
   </div>
   <div class='ocr_carea' id='block_1_4' title="bbox 224 1885 1216 4093">
    <p class='ocr_par' dir='ltr' id='par_1_4' title="bbox 224 1885 1216 3023">
     <span class='ocr_line' id='line_1_13' title="bbox 278 1885 1216 1985; baseline -0.001 -31"><span class='ocrx_word' id='word_1_79' title='bbox 278 1886 324 1985; x_wconf 67' lang='lat' dir='ltr'>ita</span> <span class='ocrx_word' id='word_1_80' title='bbox 349 1887 435 1972; x_wconf 88' lang='lat' dir='ltr'>apud</span> <span class='ocrx_word' id='word_1_81' title='bbox 456 1885 658 1981; x_wconf 75' lang='lat' dir='ltr'>Aristotelem</span> <span class='ocrx_word' id='word_1_82' title='bbox 685 1885 839 1951; x_wconf 88' lang='lat' dir='ltr'>continuo</span> <span class='ocrx_word' id='word_1_83' title='bbox 867 1886 1016 1978; x_wconf 78' lang='lat' dir='ltr'>poniturr</span> <span class='ocrx_word' id='word_1_84' title='bbox 1049 1887 1161 1971; x_wconf 88' lang='lat' dir='ltr'>incipit</span> <span class='ocrx_word' id='word_1_85' title='bbox 1177 1888 1216 1953; x_wconf 83' lang='lat' dir='ltr'>ab</span> 
     </span>
     <span class='ocr_line' id='line_1_14' title="bbox 279 2001 1216 2100; baseline 0.002 -32"><span class='ocrx_word' id='word_1_86' title='bbox 279 2002 354 2094; x_wconf 75' lang='lat' dir='ltr'>ipsi</span> <span class='ocrx_word' id='word_1_87' title='bbox 373 2001 556 2068; x_wconf 86' lang='lat' dir='ltr'>delinitione</span> <span class='ocrx_word' id='word_1_88' title='bbox 573 2002 758 2086; x_wconf 87' lang='lat' dir='ltr'>disputatio.</span> <span class='ocrx_word' id='word_1_89' title='bbox 803 2002 965 2084; x_wconf 89' lang='lat' dir='ltr'>Omnino,</span> <span class='ocrx_word' id='word_1_90' title='bbox 987 2019 1025 2069; x_wconf 91' lang='lat' dir='ltr'>ut</span> <span class='ocrx_word' id='word_1_91' title='bbox 1053 2003 1092 2100; x_wconf 73' lang='lat' dir='ltr'>in</span> <span class='ocrx_word' id='word_1_92' title='bbox 1113 2007 1216 2088; x_wconf 86' lang='lat' dir='ltr'>legen·</span> 
     </span>
     <span class='ocr_line' id='line_1_15' title="bbox 280 2118 1215 2219; baseline 0.004 -35"><span class='ocrx_word' id='word_1_93' title='bbox 280 2118 328 2219; x_wconf 78' lang='lat' dir='ltr'>do·</span> <span class='ocrx_word' id='word_1_94' title='bbox 346 2119 477 2186; x_wconf 91' lang='lat' dir='ltr'>Platone</span> <span class='ocrx_word' id='word_1_95' title='bbox 506 2137 567 2186; x_wconf 87' lang='lat' dir='ltr'>una</span> <span class='ocrx_word' id='word_1_96' title='bbox 589 2138 662 2184; x_wconf 90' lang='lat' dir='ltr'>cum</span> <span class='ocrx_word' id='word_1_97' title='bbox 689 2119 798 2186; x_wconf 78' lang='lat' dir='ltr'>Eleate</span> <span class='ocrx_word' id='word_1_98' title='bbox 828 2122 879 2186; x_wconf 90' lang='lat' dir='ltr'>vel</span> <span class='ocrx_word' id='word_1_99' title='bbox 902 2120 1030 2187; x_wconf 85' lang='lat' dir='ltr'>Socrate</span> <span class='ocrx_word' id='word_1_100' title='bbox 1054 2123 1144 2203; x_wconf 86' lang='lat' dir='ltr'>quasi</span> <span class='ocrx_word' id='word_1_101' title='bbox 1162 2143 1215 2188; x_wconf 89' lang='lat' dir='ltr'>ve-</span> 
     </span>
     <span class='ocr_line' id='line_1_16' title="bbox 278 2235 1215 2327; baseline 0.002 -25"><span class='ocrx_word' id='word_1_102' title='bbox 278 2254 412 2327; x_wconf 70' lang='lat' dir='ltr'>tumor,</span> <span class='ocrx_word' id='word_1_103' title='bbox 440 2236 483 2302; x_wconf 89' lang='lat' dir='ltr'>ita</span> <span class='ocrx_word' id='word_1_104' title='bbox 509 2235 687 2320; x_wconf 86' lang='lat' dir='ltr'>legentibus</span> <span class='ocrx_word' id='word_1_105' title='bbox 718 2237 921 2321; x_wconf 77' lang='lat' dir='ltr'>Aristotelem</span> <span class='ocrx_word' id='word_1_106' title='bbox 955 2254 1065 2319; x_wconf 86' lang='lat' dir='ltr'>auctor</span> <span class='ocrx_word' id='word_1_107' title='bbox 1097 2239 1215 2320; x_wconf 91' lang='lat' dir='ltr'>nobis,</span> 
     </span>
     <span class='ocr_line' id='line_1_17' title="bbox 279 2331 1215 2439; baseline -0.001 -19"><span class='ocrx_word' id='word_1_108' title='bbox 279 2353 368 2439; x_wconf 87' lang='lat' dir='ltr'>quod</span> <span class='ocrx_word' id='word_1_109' title='bbox 396 2352 499 2437; x_wconf 85' lang='lat' dir='ltr'>cepit,</span> <span class='ocrx_word' id='word_1_110' title='bbox 536 2352 692 2417; x_wconf 87' lang='lat' dir='ltr'>ostendit:</span> <span class='ocrx_word' id='word_1_111' title='bbox 729 2351 776 2417; x_wconf 89' lang='lat' dir='ltr'>sic</span> <span class='ocrx_word' id='word_1_112' title='bbox 804 2331 906 2420; x_wconf 80' lang='lat' dir='ltr'>autem</span> <span class='ocrx_word' id='word_1_113' title='bbox 929 2353 1088 2434; x_wconf 82' lang='lat' dir='ltr'>ostendit,</span> <span class='ocrx_word' id='word_1_114' title='bbox 1111 2364 1146 2419; x_wconf 87' lang='lat' dir='ltr'>ut</span> <span class='ocrx_word' id='word_1_115' title='bbox 1167 2355 1215 2423; x_wconf 92' lang='lat' dir='ltr'>si·</span> 
     </span>
     <span class='ocr_line' id='line_1_18' title="bbox 224 2469 1212 2561; baseline -0.004 -19"><span class='ocrx_word' id='word_1_116' title='bbox 224 2506 229 2515; x_wconf 93' lang='lat'>·</span> <span class='ocrx_word' id='word_1_117' title='bbox 276 2472 364 2561; x_wconf 74' lang='lat' dir='ltr'>niul,</span> <span class='ocrx_word' id='word_1_118' title='bbox 386 2475 450 2553; x_wconf 81' lang='lat' dir='ltr'>qui</span> <span class='ocrx_word' id='word_1_119' title='bbox 480 2470 558 2537; x_wconf 89' lang='lat' dir='ltr'>illud</span> <span class='ocrx_word' id='word_1_120' title='bbox 589 2473 708 2536; x_wconf 86' lang='lat' dir='ltr'>tatione</span> <span class='ocrx_word' id='word_1_121' title='bbox 738 2469 763 2537; x_wconf 91' lang='lat' dir='ltr'>i.</span> <span class='ocrx_word' id='word_1_122' title='bbox 789 2490 817 2536; x_wconf 90' lang='lat' dir='ltr'>e.</span> <span class='ocrx_word' id='word_1_123' title='bbox 853 2469 970 2552; x_wconf 91' lang='lat' dir='ltr'>quibus</span> <span class='ocrx_word' id='word_1_124' title='bbox 989 2469 1212 2553; x_wconf 84' lang='lat' dir='ltr'>partitionibus</span> 
     </span>
     <span class='ocr_line' id='line_1_19' title="bbox 276 2583 1212 2677; baseline -0.002 -23"><span class='ocrx_word' id='word_1_125' title='bbox 276 2601 314 2677; x_wconf 67' lang='lat' dir='ltr'>qt</span> <span class='ocrx_word' id='word_1_126' title='bbox 341 2587 606 2654; x_wconf 88' lang='lat' dir='ltr'>conductionibus</span> <span class='ocrx_word' id='word_1_127' title='bbox 643 2600 806 2653; x_wconf 88' lang='lat' dir='ltr'>assecutus</span> <span class='ocrx_word' id='word_1_128' title='bbox 837 2583 958 2668; x_wconf 84' lang='lat' dir='ltr'>fuerit,</span> <span class='ocrx_word' id='word_1_129' title='bbox 990 2586 1212 2670; x_wconf 81' lang='lat' dir='ltr'>intelligamus,</span> 
     </span>
     <span class='ocr_line' id='line_1_20' title="bbox 278 2700 1215 2787; baseline -0.001 -20"><span class='ocrx_word' id='word_1_130' title='bbox 278 2700 332 2767; x_wconf 89' lang='lat' dir='ltr'>Sic</span> <span class='ocrx_word' id='word_1_131' title='bbox 363 2705 453 2782; x_wconf 91' lang='lat' dir='ltr'>plane</span> <span class='ocrx_word' id='word_1_132' title='bbox 488 2705 563 2769; x_wconf 86' lang='lat' dir='ltr'>haec</span> <span class='ocrx_word' id='word_1_133' title='bbox 592 2705 700 2770; x_wconf 90' lang='lat' dir='ltr'>ordine</span> <span class='ocrx_word' id='word_1_134' title='bbox 732 2705 905 2787; x_wconf 89' lang='lat' dir='ltr'>procedens</span> <span class='ocrx_word' id='word_1_135' title='bbox 938 2703 1119 2786; x_wconf 81' lang='lat' dir='ltr'>Aristotelis</span> <span class='ocrx_word' id='word_1_136' title='bbox 1149 2703 1215 2784; x_wconf 85' lang='lat' dir='ltr'>dis·</span> 
     </span>
     <span class='ocr_line' id='line_1_21' title="bbox 275 2816 1211 2904; baseline -0.007 -17"><span class='ocrx_word' id='word_1_137' title='bbox 275 2817 411 2904; x_wconf 80' lang='lat' dir='ltr'>ceptatio</span> <span class='ocrx_word' id='word_1_138' title='bbox 444 2818 620 2883; x_wconf 82' lang='lat' dir='ltr'>Platonicae</span> <span class='ocrx_word' id='word_1_139' title='bbox 651 2818 781 2881; x_wconf 89' lang='lat' dir='ltr'>rationis</span> <span class='ocrx_word' id='word_1_140' title='bbox 809 2817 1006 2888; x_wconf 83' lang='lat' dir='ltr'>continuatio</span> <span class='ocrx_word' id='word_1_141' title='bbox 1028 2831 1094 2881; x_wconf 77' lang='lat' dir='ltr'>esta</span> <span class='ocrx_word' id='word_1_142' title='bbox 1117 2816 1211 2899; x_wconf 88' lang='lat' dir='ltr'>perfi-</span> 
     </span>
     <span class='ocr_line' id='line_1_22' title="bbox 275 2930 1004 3023; baseline -0.011 -18"><span class='ocrx_word' id='word_1_143' title='bbox 275 2935 321 3023; x_wconf 79' lang='lat' dir='ltr'>cit</span> <span class='ocrx_word' id='word_1_144' title='bbox 339 2935 537 3020; x_wconf 89' lang='lat' dir='ltr'>discipulus,</span> <span class='ocrx_word' id='word_1_145' title='bbox 560 2936 647 3018; x_wconf 91' lang='lat' dir='ltr'>quod</span> <span class='ocrx_word' id='word_1_146' title='bbox 669 2931 814 3015; x_wconf 84' lang='lat' dir='ltr'>magister</span> <span class='ocrx_word' id='word_1_147' title='bbox 832 2930 1004 2998; x_wconf 84' lang='lat' dir='ltr'>inchoavit.</span> 
     </span>
    </p>

    <p class='ocr_par' dir='ltr' id='par_1_5' title="bbox 272 3047 1212 4093">
     <span class='ocr_line' id='line_1_23' title="bbox 281 3047 1212 3136; baseline -0.006 -15"><span class='ocrx_word' id='word_1_148' title='bbox 281 3116 284 3121; x_wconf 87' lang='lat'>.</span> <span class='ocrx_word' id='word_1_149' title='bbox 319 3054 438 3122; x_wconf 90' lang='lat' dir='ltr'>Verum</span> <span class='ocrx_word' id='word_1_150' title='bbox 469 3055 594 3136; x_wconf 86' lang='lat' dir='ltr'>longius</span> <span class='ocrx_word' id='word_1_151' title='bbox 624 3050 715 3117; x_wconf 88' lang='lat' dir='ltr'>etiam</span> <span class='ocrx_word' id='word_1_152' title='bbox 743 3050 828 3116; x_wconf 83' lang='lat' dir='ltr'>Plato</span> <span class='ocrx_word' id='word_1_153' title='bbox 853 3049 892 3114; x_wconf 89' lang='lat' dir='ltr'>ad</span> <span class='ocrx_word' id='word_1_154' title='bbox 920 3047 1102 3115; x_wconf 83' lang='lat' dir='ltr'>Aristotelis</span> <span class='ocrx_word' id='word_1_155' title='bbox 1133 3067 1212 3133; x_wconf 84' lang='lat' dir='ltr'>syn·</span> 
     </span>
     <span class='ocr_line' id='line_1_24' title="bbox 275 3165 1208 3258; baseline -0.005 -19"><span class='ocrx_word' id='word_1_156' title='bbox 275 3171 420 3258; x_wconf 65' lang='lat' dir='ltr'>tlteticam</span> <span class='ocrx_word' id='word_1_157' title='bbox 451 3171 520 3234; x_wconf 92' lang='lat' dir='ltr'>sive</span> <span class='ocrx_word' id='word_1_158' title='bbox 542 3167 766 3249; x_wconf 87' lang='lat' dir='ltr'>syllogisticam</span> <span class='ocrx_word' id='word_1_159' title='bbox 786 3165 937 3232; x_wconf 87' lang='lat' dir='ltr'>rationem</span> <span class='ocrx_word' id='word_1_160' title='bbox 958 3168 1125 3248; x_wconf 81' lang='lat' dir='ltr'>processit.</span> <span class='ocrx_word' id='word_1_161' title='bbox 1170 3168 1208 3234; x_wconf 89' lang='lat' dir='ltr'>In</span> 
     </span>
     <span class='ocr_line' id='line_1_25' title="bbox 275 3283 1209 3370; baseline -0.001 -19"><span class='ocrx_word' id='word_1_162' title='bbox 275 3287 334 3367; x_wconf 85' lang='lat' dir='ltr'>bac</span> <span class='ocrx_word' id='word_1_163' title='bbox 359 3284 528 3362; x_wconf 91' lang='lat' dir='ltr'>methodo,</span> <span class='ocrx_word' id='word_1_164' title='bbox 551 3297 586 3349; x_wconf 91' lang='lat' dir='ltr'>ut</span> <span class='ocrx_word' id='word_1_165' title='bbox 607 3301 647 3348; x_wconf 85' lang='lat' dir='ltr'>cx</span> <span class='ocrx_word' id='word_1_166' title='bbox 672 3283 793 3348; x_wconf 87' lang='lat' dir='ltr'>laudata</span> <span class='ocrx_word' id='word_1_167' title='bbox 814 3283 995 3351; x_wconf 85' lang='lat' dir='ltr'>Aristotelis</span> <span class='ocrx_word' id='word_1_168' title='bbox 1017 3301 1209 3370; x_wconf 81' lang='lat' dir='ltr'>argumenta·</span> 
     </span>
     <span class='ocr_line' id='line_1_26' title="bbox 274 3396 1205 3484; baseline -0.002 -15"><span class='ocrx_word' id='word_1_169' title='bbox 274 3400 362 3475; x_wconf 78' lang='lat' dir='ltr'>tione</span> <span class='ocrx_word' id='word_1_170' title='bbox 381 3412 490 3482; x_wconf 87' lang='lat' dir='ltr'>patet,</span> <span class='ocrx_word' id='word_1_171' title='bbox 511 3396 697 3481; x_wconf 75' lang='lat' dir='ltr'>definitionis</span> <span class='ocrx_word' id='word_1_172' title='bbox 719 3399 752 3467; x_wconf 89' lang='lat' dir='ltr'>in</span> <span class='ocrx_word' id='word_1_173' title='bbox 773 3401 884 3483; x_wconf 88' lang='lat' dir='ltr'>primis</span> <span class='ocrx_word' id='word_1_174' title='bbox 911 3403 1015 3484; x_wconf 83' lang='lat' dir='ltr'>agitur</span> <span class='ocrx_word' id='word_1_175' title='bbox 1034 3401 1205 3482; x_wconf 75' lang='lat' dir='ltr'>diligentia.</span> 
     </span>
     <span class='ocr_line' id='line_1_27' title="bbox 275 3515 1210 3599; baseline -0.015 -9"><span class='ocrx_word' id='word_1_176' title='bbox 275 3519 520 3599; x_wconf 74' lang='lat' dir='ltr'>Eundamentum</span> <span class='ocrx_word' id='word_1_177' title='bbox 545 3516 598 3585; x_wconf 84' lang='lat' dir='ltr'>illa</span> <span class='ocrx_word' id='word_1_178' title='bbox 626 3533 675 3584; x_wconf 89' lang='lat' dir='ltr'>est</span> <span class='ocrx_word' id='word_1_179' title='bbox 694 3518 762 3584; x_wconf 91' lang='lat' dir='ltr'>sive</span> <span class='ocrx_word' id='word_1_180' title='bbox 783 3517 858 3585; x_wconf 86' lang='lat' dir='ltr'>fons</span> <span class='ocrx_word' id='word_1_181' title='bbox 882 3519 1042 3584; x_wconf 86' lang='lat' dir='ltr'>universae</span> <span class='ocrx_word' id='word_1_182' title='bbox 1068 3515 1210 3598; x_wconf 87' lang='lat' dir='ltr'>disputa.</span> 
     </span>
     <span class='ocr_line' id='line_1_28' title="bbox 274 3633 1209 3727; baseline -0.007 -21"><span class='ocrx_word' id='word_1_183' title='bbox 274 3636 384 3723; x_wconf 62' lang='lat' dir='ltr'>donis.</span> <span class='ocrx_word' id='word_1_184' title='bbox 428 3639 465 3704; x_wconf 91' lang='lat' dir='ltr'>In</span> <span class='ocrx_word' id='word_1_185' title='bbox 484 3636 628 3713; x_wconf 72' lang='lat' dir='ltr'>Phaedro</span> <span class='ocrx_word' id='word_1_186' title='bbox 647 3651 750 3702; x_wconf 88' lang='lat' dir='ltr'>autem</span> <span class='ocrx_word' id='word_1_187' title='bbox 766 3637 878 3713; x_wconf 80' lang='lat' dir='ltr'>Pisto,</span> <span class='ocrx_word' id='word_1_188' title='bbox 901 3633 988 3715; x_wconf 85' lang='lat' dir='ltr'>quod</span> <span class='ocrx_word' id='word_1_189' title='bbox 1007 3633 1103 3727; x_wconf 81' lang='lat' dir='ltr'>modo</span> <span class='ocrx_word' id='word_1_190' title='bbox 1122 3651 1209 3721; x_wconf 61' lang='lat' dir='ltr'>comg</span> 
     </span>
     <span class='ocr_line' id='line_1_29' title="bbox 276 3731 1208 3838; baseline -0.005 -16"><span class='ocrx_word' id='word_1_191' title='bbox 276 3731 539 3838; x_wconf 76' lang='lat' dir='ltr'>memorauimus,</span> <span class='ocrx_word' id='word_1_192' title='bbox 561 3753 755 3838; x_wconf 85' lang='lat' dir='ltr'>syntheticae</span> <span class='ocrx_word' id='word_1_193' title='bbox 780 3749 972 3830; x_wconf 78' lang='lat' dir='ltr'>definitionis</span> <span class='ocrx_word' id='word_1_194' title='bbox 999 3766 1031 3817; x_wconf 91' lang='lat' dir='ltr'>et</span> <span class='ocrx_word' id='word_1_195' title='bbox 1057 3751 1208 3832; x_wconf 54' lang='lat' dir='ltr'>ratione*</span> 
     </span>
     <span class='ocr_line' id='line_1_30' title="bbox 275 3867 1209 3958; baseline -0.01 -16"><span class='ocrx_word' id='word_1_196' title='bbox 275 3887 312 3958; x_wconf 69' lang='lat' dir='ltr'>ep</span> <span class='ocrx_word' id='word_1_197' title='bbox 334 3873 510 3956; x_wconf 84' lang='lat' dir='ltr'>exemplum</span> <span class='ocrx_word' id='word_1_198' title='bbox 536 3871 633 3939; x_wconf 85' lang='lat' dir='ltr'>dedit.</span> <span class='ocrx_word' id='word_1_199' title='bbox 675 3871 724 3937; x_wconf 93' lang='lat' dir='ltr'>De</span> <span class='ocrx_word' id='word_1_200' title='bbox 752 3867 912 3934; x_wconf 80' lang='lat' dir='ltr'>dialectica</span> <span class='ocrx_word' id='word_1_201' title='bbox 934 3869 1130 3951; x_wconf 87' lang='lat' dir='ltr'>eloquentiae</span> <span class='ocrx_word' id='word_1_202' title='bbox 1155 3869 1209 3933; x_wconf 84' lang='lat' dir='ltr'>cd·</span> 
     </span>
     <span class='ocr_line' id='line_1_31' title="bbox 272 3965 1206 4093; baseline -0.012 -32"><span class='ocrx_word' id='word_1_203' title='bbox 272 3965 412 4061; x_wconf 77' lang='lat' dir='ltr'>moeno</span> <span class='ocrx_word' id='word_1_204' title='bbox 433 3986 565 4075; x_wconf 75' lang='lat' dir='ltr'>propre</span> <span class='ocrx_word' id='word_1_205' title='bbox 586 3986 698 4072; x_wconf 66' lang='lat' dir='ltr'>agam</span> <span class='ocrx_word' id='word_1_206' title='bbox 710 3985 833 4053; x_wconf 73' lang='grc' dir='ltr'>ιιιω</span> <span class='ocrx_word' id='word_1_207' title='bbox 848 3982 1206 4093; x_wconf 57' lang='grc' dir='ltr'>ιιιιιιοςιι.ιιιιιιιιιιιιο</span> 
     </span>
    </p>
   </div>
   <div class='ocr_carea' id='block_1_5' title="bbox 0 0 1500 5220">
    <p class='ocr_par' dir='ltr' id='par_1_6' title="bbox 0 0 1500 5220">
     <span class='ocr_line' id='line_1_32' title="bbox 0 0 1500 5220; baseline 0 4"><span class='ocrx_word' id='word_1_208' title='bbox 0 0 1500 5220; x_wconf 95' lang='lat' dir='ltr'> </span> 
     </span>
    </p>
   </div>
  </div>
 </body>
</html>
