2992 5220
797 493 970 556 ..42-

417 671 537 734 aesque
562 651 717 735 usurpati
748 651 897 718 Dicentes
924 653 1067 732 audimus
1094 654 1258 734 homines,
1289 655 1347 735 qui

417 769 533 834 dudum
561 769 692 834 consilia
723 771 869 850 quaedam
902 784 1006 835 mente
1019 783 1021 786 ’
1036 771 1211 854 agitaruut,
1241 770 1291 837 his
1310 787 1349 837 se

417 886 555 952 consiliis
582 888 686 972 plenos
703 885 911 973 gravidosquc
929 885 1031 954 fuisse
1053 885 1104 953 ωε
1128 889 1214 969 quod
1237 887 1349 959 &unt
1412 928 1417 942 ·

412 1021 481 1069 non
509 1002 616 1083 docti,
648 988 713 1067 non
740 1002 924 1085 philosophi
952 1018 1094 1084 tantum,
1125 1004 1284 1071 Socratem
1313 1017 1350 1071 ea

413 1118 575 1186 Platonem
600 1118 731 1199 inritati,
764 1120 820 1183 sed
845 1119 951 1183 minus
983 1121 1061 1186 culti
1096 1120 1197 1201 item,
1228 1119 1349 1210 quibua

413 1253 583 1320 numquam
612 1253 688 1301 sane
713 1233 849 1298 innotuit
868 1235 981 1299 horum
1003 1235 1265 1317 philosophorum
1287 1255 1350 1306 nur

414 1370 498 1420 men.
541 1350 703 1417 Cultiores
733 1350 766 1414 in
791 1347 931 1416 familiari
955 1350 1038 1427 vitae
1056 1351 1287 1417 consuetudine
1305 1351 1351 1419 de

414 1466 547 1554 ingeniis
577 1466 774 1551 judicantes,
804 1466 925 1551 ingenia
962 1482 1134 1533 memorant
1160 1465 1320 1546 foecunda
1330 1437 1357 1548 ,ι’

412 1584 488 1651 item
508 1584 643 1650 sterilia.
667 1581 700 1624 <¹³
728 1583 849 1648 Omnes
880 1597 941 1649 tarn
959 1585 1066 1663 docti,
1089 1603 1181 1666 quarn
1203 1584 1358 1665 indomiu

412 1698 513 1764 libros
550 1712 663 1763 vocant
701 1699 897 1783 ingeniorum
932 1700 1040 1775 foetus
1061 1696 1117 1780 (ὓ,
1157 1704 1350 1790 scriptorum¹

376 1860 378 1865 -
406 1817 549 1905 prolem,
577 1817 665 1898 quod
678 1814 883 1882 vetustissimi
909 1816 1048 1897 Graeci,
1069 1818 1203 1889 necdum
1228 1819 1350 1901 exculti

413 1927 580 2015 doctrina,
609 1933 649 1999 de
677 1933 826 2016 sapientia
850 1934 1065 2018 usurpabant,
1087 1935 1266 2002 Minervam
1286 1935 1350 2005 star
1439 1944 1450 1963 ‘

414 2065 524 2139 gentes
553 2051 639 2117 Iovis
671 2049 772 2134 capite
803 2050 972 2118 cerebrove
999 2064 1131 2135 partam.
1186 2052 1273 2138 Quid
1290 2051 1350 2135 ¹diff,

410 2186 478 2234 eant
503 2168 677 2235 decimaris
709 2167 858 2246 notione,
891 2184 971 2248 quae
1003 2185 1069 2233 non
1098 2166 1201 2232 minus
1233 2167 1267 2233 in
1287 2167 1351 2239 liu-r

404 2284 508 2370 guis,
545 2303 637 2366 quarn
657 2283 690 2347 in
710 2283 849 2349 Platonis
875 2283 1096 2366 philosophia,
1117 2303 1191 2349 cum
1207 2282 1350 2356 discendi

411 2401 543 2466 notione
575 2400 743 2483 conjuncta
777 2413 809 2463 et
838 2400 927 2479 quasi
955 2415 1086 2483 cognata
1113 2415 1175 2468 est.
1229 2400 1353 2485 Expnit

411 2530 502 2581 munt
525 2529 686 2596 utramque
704 2512 877 2580 formulae:
891 2534 1002 2579 amare
1020 2515 1156 2596 literar,
1176 2516 1353 2583 literarum

409 2636 483 2720 copi
501 2620 639 2710 ardore,
660 2630 797 2696 discendi
805 2612 921 2695 ‘amore
933 2631 1105 2716 flagrare,
1128 2647 1195 2699 tum
1218 2633 1278 2698 hoc
1299 2633 1353 2716 ipa

398 2743 646 2811 -rumtdiscendr
662 2765 753 2810 amor·
772 2758 804 2809 et
836 2763 900 2809 vox
921 2745 999 2810 adeo
1022 2746 1073 2809 illa
1095 2746 1289 2815 Graecorum
1310 2748 1356 2823 ils,

319 2894 321 2898 ·
411 2862 543 2941 lustris,
574 2864 763 2947 Φιλοσοφία,
786 2861 876 2943 cujus
907 2860 933 2924 si
962 2860 1113 2944 originem
1145 2875 1346 2945 spectamus,

412 2979 500 3062 quod
519 2979 632 3044 Cicero
648 2979 710 3060 jrun
729 2975 832 3055 vidit,
856 2976 933 3056 qnid
951 2977 1034 3043 aliud
1056 2992 1127 3059 est,
1158 2998 1252 3060 quam
1279 2982 1348 3055 scri

412 3094 526 3162 autori
550 3091 584 3136 ⁶⁴³
614 3093 763 3176 Appellet
787 3090 859 3172 quis
892 3092 986 3177 igitur
1005 3097 1125 3181 poetica
1144 3095 1284 3161 Platonis
1304 3097 1347 3162 is·

412 3225 467 3292 ta,
489 3209 544 3276 sed
572 3209 651 3274 idem
682 3207 774 3273 velim
808 3225 849 3273 ne
876 3227 912 3298 ea
942 3223 1034 3291 putet
1058 3229 1076 3274 a
1096 3211 1207 3276 natura
1227 3211 1354 3284 alienat¹

410 3329 492 3395 hane
521 3327 603 3394 enim
632 3325 811 3410 exprimunt
843 3324 979 3408 linguae.
1032 3325 1116 3407 Sed,
1148 3327 1256 3411 ajunt,
1286 3329 1347 3394 hot

411 3445 536 3532 ipsum,
570 3444 656 3526 quod
687 3458 724 3507 tu
756 3441 916 3523 usurpasti
946 3441 1137 3526 aliquoties,
1173 3463 1355 3530 omnesque

412 3561 593 3646 frequenter
624 3572 777 3643 usurpant
803 3562 949 3627 raritatis
980 3558 1138 3641 studium,
1173 3561 1281 3644 quidni
1316 3561 1357 3643 iti.

1281 3677 1352 3743 Pu·
1463 3692 1466 3700 ’

341 3836 362 3868 “
448 3845 988 3914 (1)2wangergaamanomarpen.
1035 3841 1076 3908 (a)
1102 3839 1217 3891 Uberem
1240 3840 1353 3909 arisbe-1

413 3946 529 4006 mitam
552 3941 683 3994 Periclem
710 3948 789 3991 vocat
808 3941 907 3996 Cicero
928 3936 1007 3988 Orat.
1029 3955 1052 3989 c.
1072 3938 1097 3989 4.
1163 3937 1202 4006 (3)
1222 3942 1347 3992 flmm-

413 4043 551 4098 vrucluerr.
625 4038 667 4108 (4)
687 4038 748 4092 Cic·
765 4039 797 4091 ds
814 4039 884 4106 legg.
906 4032 930 4087 l.
949 4052 991 4092 aa.
