2992 5220
658 480 831 545 ...332

279 640 332 709 lris
360 643 490 730 dialogis
516 641 662 728 politici,
690 641 724 707 in
750 640 866 724 quibus
891 639 932 705 de
944 640 1035 721 justo
1064 645 1127 726 egit
1152 642 1205 712 de·

279 778 341 843 que
362 761 555 840 virtutibus,
577 776 657 838 quae
679 756 835 823 advitam
857 769 941 823 recte
965 756 1132 841 degendam
1150 781 1206 845 ap·

274 888 370 959 teque
401 873 671 941 administrandam
690 870 846 939 civitatem
875 873 1088 957 requiruntur.
1142 875 1205 940 Est

274 992 353 1059 haec
371 993 463 1075 plene
493 986 609 1072 ingenii
629 987 756 1053 humani
787 991 988 1075 progressio,
1010 991 1100 1075 cujus
1120 990 1206 1074 apud

276 1104 433 1172 Baconem
459 1119 491 1171 et
514 1105 812 1190 Encyclopaedistas
842 1109 927 1175 nulla
958 1107 1091 1175 habetur
1110 1106 1203 1174 ratio.

212 1200 221 1210 ’
275 1222 359 1288 Nam
385 1235 568 1307 praeparant
589 1241 649 1289 nos
679 1237 785 1306 artes,
817 1237 854 1288 ut
876 1224 935 1289 rite
954 1225 1115 1308 possimus
1138 1244 1206 1310 gra-

275 1339 419 1406 vioribus
441 1339 615 1423 disciplinis
639 1356 764 1423 operam
787 1356 926 1421 navare,
956 1351 1052 1421 atque
1077 1339 1128 1405 his
1158 1339 1208 1406 in-

273 1456 378 1522 stituti
400 1470 432 1523 et
452 1455 543 1539 quasi
574 1453 686 1522 nutriti
712 1474 748 1522 ac
777 1454 995 1536 corroborati,
1018 1455 1063 1521 sic
1082 1456 1208 1524 demunt

274 1591 445 1658 possumus
465 1574 498 1640 in
516 1571 612 1641 rebus
634 1572 782 1642 civilibus
801 1587 875 1658 apte
892 1573 1058 1640 consulere
1081 1571 1206 1640 civibus

276 1690 407 1757 nostris.
452 1691 500 1758 Ut
520 1704 623 1757 autem
646 1691 701 1758 ille
719 1691 904 1772 scribendo,
925 1705 1041 1776 sponte
1060 1690 1106 1758 sic
1129 1696 1208 1775 aua,

276 1823 403 1873 naturae
423 1806 504 1873 viam
526 1821 559 1874 et
584 1807 839 1893 progressionem
866 1823 996 1875 secutus
1018 1823 1090 1890 eat,
1111 1810 1154 1876 ita
1175 1809 1209 1874 in

277 1922 453 1988 erudiendis
476 1925 671 2006 juvenibus,
693 1941 776 2009 quos
800 1926 930 1992 summis
958 1926 990 1990 in
1018 1945 1052 1992 re
1080 1924 1209 2009 publica

208 2059 216 2072 ·
277 2036 453 2101 honoribus
475 2037 674 2116 destinabat,
695 2042 767 2103 data
788 2045 885 2120 opert
906 2040 1040 2118 primunr
1073 2039 1112 2102 de
1136 2054 1209 2102 seu*

277 2152 366 2219 sibus
393 2150 570 2233 studiisque
585 2170 620 2217 ac
643 2150 842 2218 facultatibus
863 2151 1070 2239 disquisivit,
1091 2153 1207 2236 quibus

275 2269 404 2357 puerilis
427 2284 509 2336 aetas
529 2267 662 2354 insignis
684 2282 756 2350 est,
777 2269 913 2352 indeque
929 2282 1069 2334 naturam
1086 2273 1208 2336 artium

275 2405 443 2470 earumque
468 2400 500 2453 et
517 2386 667 2453 rationem
686 2399 719 2452 et
746 2388 946 2470 propositum
969 2386 1094 2469 repetiit
1113 2399 1209 2468 atquo

276 2504 461 2570 illustravit:
483 2518 552 2569 turn
578 2522 655 2570 vcro
679 2504 822 2569 excultos
849 2503 909 2568 hos
939 2503 1051 2587 puerili
1082 2503 1209 2571 institu·
1235 2488 1243 2505 ⁸

276 2620 384 2700 tione,
407 2619 581 2703 disciplinis
605 2619 810 2700 eruditurus,
832 2638 851 2686 e
875 2622 1081 2704 provectioris
1099 2622 1208 2689 aetatis

276 2735 390 2804 studiis
421 2734 686 2819 facultatibusque
717 2752 748 2800 et
779 2738 844 2802 veri
874 2736 1044 2823 inprimis
1077 2759 1206 2821 amore,

273 2854 512 2943 disciplinarum
537 2853 654 2937 pariter
676 2867 708 2919 et
728 2852 946 2921 doctrinarum
971 2868 1130 2937 naturam,
1162 2877 1210 2921 ra*

274 2975 392 3041 tionem
409 2972 676 3058 propositumque
695 2970 821 3036 effecit:
844 2972 1053 3051 tandemque,
1077 2989 1111 3035 ut
1131 2973 1208 3053 quid

274 3088 352 3170 ipsis
383 3106 467 3155 esset
493 3087 660 3171 aliquando
689 3088 721 3153 in
751 3086 879 3175 civitate
905 3088 1077 3170 agendum,
1107 3088 1208 3151 decla·
1273 3150 1280 3163 ,

277 3214 380 3280 raret,
402 3202 441 3266 de
466 3203 579 3267 maturi
606 3202 740 3268 hominis
773 3200 950 3268 incivitate
975 3199 1086 3266 officiis
1110 3200 1212 3268 virtu·

276 3317 428 3398 cibusque
449 3318 628 3398 quaesivit,
672 3338 737 3398 quo
768 3319 977 3385 doctrinarum
1017 3319 1212 3402 gravissima·

277 3453 368 3514 rum,
392 3449 473 3515 quae
499 3432 619 3514 justum
647 3446 809 3513 spectant,
831 3438 1018 3515 moralium,
1050 3452 1086 3502 ut
1115 3437 1209 3502 nobis

278 3550 444 3630 dicuntur,
473 3561 505 3614 et
525 3548 731 3633 politicarum
759 3543 823 3612 virn
844 3565 876 3614 et
911 3552 1059 3615 rationem
1093 3551 1208 3619 effecit.

277 3664 423 3742 Nesci0,
467 3662 545 3743 quid
571 3662 624 3728 alii
655 3663 815 3745 sentiant,
861 3666 916 3730 sed
946 3666 1022 3731 mihi
1058 3669 1209 3750 quidem,

278 3785 355 3848 haec
389 3779 431 3844 ita
462 3778 697 3862 consideranti,
742 3781 913 3863 ordineque
941 3785 1056 3868 legenti
1087 3790 1213 3871 saepius

279 3911 382 3963 totum
409 3896 592 3976 Platonem,
615 3897 728 3982 subjici
749 3899 839 3980 quasi
859 3900 957 3966 oculis
979 3900 1125 3985 videtur,
1146 3925 1212 3970 non

280 4012 373 4081 rubor
412 4010 635 4097 scientiarum,
680 4034 761 4098 quae
797 4017 935 4086 scholam
975 4020 1113 4103 redolet,
1156 4015 1213 4084 sed

600 4152 602 4157 ·
730 4131 759 4200 C
1162 4151 1214 4200 cn·
