2992 5220
654 459 832 541 -as--¹

273 630 385 708 μήποτ’
409 627 446 694 ἄν
469 653 514 702 τις
537 626 592 702 οἶός
611 652 646 693 τε
670 629 782 704 γένοιτο
810 629 914 696 ἱκανῶς
942 623 1199 698 intendeiaat',e1

274 746 317 824 μὴ
347 747 478 826 Φύσει
506 744 549 819 sin
581 747 769 823 μνήμων,
791 742 995 822 εὐμαθὴς,
1019 760 1201 819 μεγαλα·

274 864 458 940 τρεπὴς,
488 860 677 941 εὔχαρις,
698 860 820 941 ψιλός
841 884 883 926 τε
904 857 971 924 sai
995 858 1201 938 ξυγγενὴς

275 976 499 1048 ἀληθείας,
525 977 826 1053 δικαιοσύνης,
847 977 1032 1057 ἀνδρίας,
1055 981 1206 1056 σωφρο-

198 1082 201 1089 “
278 1090 425 1167 adam
457 1122 504 1138 -
534 1088 587 1154 Ne
620 1089 751 1155 Motnus
772 1089 896 1170 quidem
926 1091 995 1173 ipse
1026 1088 1207 1174 hujusmodi

278 1201 354 1282 quid
380 1219 520 1287 carperet
540 1203 585 1270 (ὓ.
627 1205 692 1297 Sed
718 1224 783 1286 quo
803 1204 926 1287 plenius
957 1223 1017 1269 nos
1047 1204 1108 1285 ita,
1131 1203 1209 1286 quid

276 1317 310 1382 in
336 1318 537 1403 philosophia
565 1338 722 1387 summum
756 1316 821 1401 sit,
844 1338 974 1403 quoque
1002 1320 1114 1385 ducere
1145 1320 1211 1387 dis·

275 1431 408 1516 cipiinae
434 1436 591 1504 hominem
616 1436 773 1516 debeant,
809 1437 1041 1520 cognovimus,
1072 1455 1112 1503 eo
1134 1435 1210 1502 faci·

274 1546 338 1618 iius
362 1570 446 1618 nunc
472 1553 672 1636 exquirendus
703 1573 821 1637 porro,
845 1553 932 1636 quod
964 1554 997 1618 in
1022 1552 1131 1636 primis
1152 1572 1211 1618 no-

279 1669 329 1735 bis
353 1671 578 1753 explorandum
606 1673 793 1739 sumsimus:

327 1830 1171 1928 Quibusmaxa'medisciplinisjuacnas

365 1945 540 2009 erudiri
569 1963 768 2032 oportet,
801 1954 873 2032 qui
903 1951 1001 2011 nati
1033 1961 1132 2011 suat

534 2049 588 2114 ad
615 2048 968 2138 philosophiam?

325 2212 407 2308 Sunt
437 2239 566 2304 omnino
600 2240 780 2305 erudiendis
799 2241 951 2325 juvenum
970 2253 1149 2307 nostrorum
1171 2240 1218 2313 in-

223 2344 228 2352 ’
283 2357 385 2445 geniis
416 2357 597 2440 disciplinae
624 2357 829 2422 necessariae.
882 2357 964 2421 Nam
1002 2354 1216 2438 quaesivimus

286 2477 436 2560 quidem,
477 2475 603 2556 quinam
638 2474 767 2539 maxime
799 2479 910 2540 natura
939 2488 1047 2540 essent
1075 2474 1219 2557 philoso-

284 2594 366 2678 phi,
387 2606 567 2675 sponteque
596 2605 626 2655 et
655 2585 835 2674 sapientiam
854 2606 992 2657 amarent
1010 2604 1042 2657 et
1068 2608 1218 2659 unacum

284 2715 323 2778 ea
358 2723 440 2776 artes
478 2727 588 2775 omnes
621 2723 653 2774 et
684 2707 866 2788 doctrinas,
910 2727 992 2790 quae
1023 2708 1156 2775 tendunt
1181 2707 1221 2775 ad

285 2829 406 2911 ipsam:
429 2825 599 2906 iidemque.
617 2825 677 2890 hoe
706 2824 791 2890 ducti
826 2843 955 2909 amose,
978 2824 1042 2911 ipsi
1060 2825 1145 2893 forte
1162 2844 1221 2911 pet
1247 2894 1250 2901 ,

246 3017 250 3037 ,
287 2964 323 3014 se
350 2944 529 3028 disciplinas
559 2944 742 3025 inveniant,
764 2942 882 3024 quibus
914 2956 1063 3025 tanquam
1094 2943 1224 3008 admini-

267 3062 367 3125 culis
398 3063 591 3142 innitentes,
633 3062 672 3126 ad
699 3059 867 3142 sapientiae
903 3075 1004 3124 arcem
1032 3057 1160 3121 tendant
1191 3071 1223 3124 et

288 3178 481 3260 perveniant.
548 3178 610 3243 Sed
640 3179 792 3264 restingui
823 3177 873 3242 hic
900 3193 987 3253 anaor
1015 3187 1123 3257 potest
1153 3192 1226 3255 per·

290 3293 391 3361 versis
419 3292 556 3370 studiis,
579 3294 631 3358 illa
652 3309 751 3360 aetate
780 3293 986 3378 praesertim,
1014 3310 1076 3373 qua
1107 3290 1225 3357 subna-

290 3412 389 3481 scitur
421 3411 454 3476 in
487 3406 598 3474 animis
625 3427 682 3474 nec
710 3410 793 3494 viget
826 3414 925 3493 satis,
969 3428 1004 3477 ut
1031 3426 1129 3478 semet
1154 3412 1225 3493 ipse

292 3533 373 3597 alat:
418 3531 464 3596 sic
496 3545 603 3610 reapse
631 3525 712 3611 perit
736 3527 789 3591 ille
817 3529 850 3594 in
876 3529 984 3594 multis
1015 3542 1046 3594 et
1070 3548 1223 3599 unacum

292 3667 331 3717 eo
362 3648 463 3714 omnis
495 3647 705 3732 cognoscendi
733 3643 886 3723 facultas,
926 3659 962 3710 ut
997 3645 1162 3728 utriusque
1192 3647 1225 3713 in

293 3780 360 3832 tota
385 3765 529 3850 deinceps
554 3764 621 3831 vita
652 3764 750 3830 ulium
782 3762 836 3830 vin
864 3761 1034 3847 vestigium
1064 3779 1224 3849 appareat.

1125 3874 1127 3878 ’
1163 3881 1223 3949 Er·

330 4046 372 4119 (ι)
393 4044 436 4098 De
453 4039 521 4110 Rap·
538 4035 592 4093 vi.
610 4040 670 4110 487.
690 4041 725 4095 Α.
