2992 5220
667 421 860 509 „sss-

298 578 393 680 undo
420 596 593 680 exprimit,
616 616 673 667 eo
696 593 790 667 'illam
819 599 919 685 mla
943 615 976 668 et
1001 611 1131 669 noturae
1155 617 1236 671 esse

296 730 535 795 consentaneam
552 729 585 781 et
606 715 788 789 hominibus
815 717 994 785 saiunrem.
1037 717 1230 803 Opportune

297 850 401 915 antem
428 833 522 901 nobis
552 833 696 900 videntur
711 835 863 903 Helenae
882 837 985 921 ,sprrd'
1000 837 1172 906 Homemm
1194 854 1230 908 et

217 1022 221 1031 ,
298 951 470 1036 poedagogi
497 951 530 1016 in
551 949 735 1019 Phoenissis
763 953 947 1037 Euripideis'
968 955 1157 1023 mentionem
1181 955 1232 1025 fe·

297 1069 392 1145 cisse.
441 1069 525 1134 Nam
553 1069 641 1150 quod
665 1068 717 1135 illa
748 1069 925 1149 Prismnm,
955 1070 1009 1137 hic
1036 1073 1231 1158 Antigonam
1356 1082 1360 1093 '

295 1188 406 1272 juvar,
427 1198 464 1251 ut
485 1202 579 1267 quae⁸
592 1200 709 1269 sponte
738 1188 896 1272 explicare
923 1187 1051 1256 sibimet
1071 1189 1151 1273 ipsis
1178 1189 1234 1257 de·

298 1303 453 1382 suenus,
493 1301 636 1384 ipsorum
674 1288 771 1371 du'cm
799 1304 921 1372 facinus
951 1305 1166 1390 perspiciunt,
1198 1306 1235 1373 n

297 1421 392 1509 plme
424 1419 587 1503 scriptoris
603 1434 734 1486 'munus
771 1435 833 1486 est.
897 1422 943 1486 Et
975 1441 1052 1487 vero
1085 1422 1130 1488 sic
1161 1423 1234 1506 ipsa

299 1535 391 1627 ilias,
412 1537 499 1620 ipsae
521 1533 730 1614 Phoenissae,
752 1533 799 1600 sic
823 1536 908 1601 nulls
936 1555 1003 1601 non
1027 1556 1100 1602 eum
1124 1536 1233 1621 epico-

299 1673 369 1721 rum
397 1667 465 1718 tum
493 1630 682 1734 tragicorum
712 1664 746 1716 et
772 1652 967 1718 comicorum
996 1654 1131 1722 earmina
1157 1656 1235 1722 huic

164 1835 166 1839 ,
300 1767 433 1847 naturali
462 1767 653 1849 respondent
679 1765 817 1834 hominis
851 1766 1040 1836 dialecticae.
1107 1772 1145 1838 In
1170 1773 1240 1841 me}

301 1885 369 1953 dias
394 1903 454 1950 nos
484 1901 534 1950 res
563 1885 689 1968 rapiunt
714 1902 824 1951 eorum
861 1901 1029 1968 sudores,
1059 1890 1240 1974 juvantque

304 2021 366 2083 nos
394 2002 428 2067 in
455 2001 587 2086 singuiis
616 2001 779 2068 cernendis
807 2017 840 2069 et
860 2005 1089 2088 conjungendis
1111 2005 1239 2072 univer·

304 2120 349 2191 sis
361 2140 378 2187 r·
404 2119 494 2204 quod
525 2133 609 2187 recte
632 2119 712 2186 vidit
745 2118 900 2186 Horatius
928 2119 1003 2187 estin
1032 2120 1139 2207 epicae
1161 2142 1240 2210 pro-

306 2240 409 2324 prium
439 2255 530 2305 esse:
798 2249 801 2253 ’

306 2473 400 2545 :Nec
415 2475 537 2559 gemino
556 2470 669 2539 bellum
690 2468 862 2550 Troianum
883 2469 1013 2540 orditur
1031 2471 1073 2539 ab
1093 2494 1165 2542 ono:

309 2591 456 2680 ..imper
470 2587 518 2656 ad
531 2604 671 2656 mentum
684 2589 845 2674 festinat:
865 2604 895 2655 et
913 2593 948 2654 in
963 2587 1118 2657 modias
1148 2610 1241 2672 m,

309 2708 407 2772 'Non
424 2728 510 2777 secus
528 2728 568 2773 ac
588 2721 700 2789 notas,
720 2704 955 2772 auditorem
975 2710 1089 2795 rapit
1110 2705 1155 2778 (¹).-
1235 2730 1239 2737 ·

310 2939 357 3009 Et
382 2938 456 3006 hinc
487 2937 613 3019 quidem
644 2936 723 3005 miro
751 2938 803 3004 illa
830 2959 971 3025 magnam
1000 2952 1118 3024 partem
1151 2957 1245 3024 repe·

309 3058 404 3126 tende
440 3059 589 3139 voluptas
626 3055 783 3137 animique
810 3055 980 3124 oblectatio
1009 3072 1081 3138 est,
1114 3060 1181 3138 qut
1210 3071 1244 3125 et

309 3177 388 3245 hoec
416 3173 551 3244 carmina
578 3192 596 3240 s
623 3174 738 3240 teneris
769 3185 802 3240 et
830 3176 976 3258 deinceps
1005 3175 1147 3261 dialogos
1178 3176 1247 3243 Pis·

311 3294 397 3360 tonis
434 3290 579 3375 legimus.
642 3292 724 3358 Nam
748 3307 785 3357 ut
812 3310 904 3357 unam
931 3290 1057 3358 Iliadem
1095 3309 1248 3361 memore·

307 3428 404 3493 mus,
425 3408 458 3476 in
486 3409 617 3494 legendo
640 3409 695 3476 iilo
720 3409 877 3492 primum,
900 3425 981 3490 quae
1007 3421 1134 3473 naturae
1164 3409 1248 3473 ratio

308 3544 385 3613 ost,
406 3526 539 3595 conlusa
567 3526 666 3594 nobis'
683 3540 833 3612 apparent
855 3524 970 3591 omnia.
1014 3522 1183 3588 Versamur
1211 3522 1247 3590 in

311 3646 426 3717 ¹castris
453 3645 668 3714 Graecorum:
714 3644 868 3710 videmus·
881 3642 1088 3725 audimusque
1107 3640 1250 3710 dicentes

313 3763 472 3851 principos
497 3762 652 3857 mertuos
683 3761 803 3842 duces,
831 3759 1120 3844 Agamemnonem,
1139 3759 1254 3828 Achil·

327 3900 332 3905 ·
460 3890 465 3897 ·
734 3904 738 3917 ·
1168 3878 1250 3964 len,

310 4015 333 4072 ,ζ
350 4014 502 4095 (nupia
516 4012 552 4065 sd
568 4013 625 4068 Pir.
640 4027 683 4071 or·
699 4011 833 4078 ali-alos
