<?xml version="1.0" encoding="UTF-8"?>
<!DOCTYPE html PUBLIC "-//W3C//DTD XHTML 1.0 Transitional//EN"
    "http://www.w3.org/TR/xhtml1/DTD/xhtml1-transitional.dtd">
<html xmlns="http://www.w3.org/1999/xhtml" xml:lang="en" lang="en">
 <head>
  <title>
</title>
<meta http-equiv="Content-Type" content="text/html;charset=utf-8" />
  <meta name='ocr-system' content='tesseract 3.04.00' />
  <meta name='ocr-capabilities' content='ocr_page ocr_carea ocr_par ocr_line ocrx_word'/>
</head>
<body>
  <div class='ocr_page' id='page_1' title='image "./initiaphilosoph01heusgoog_0245.png"; bbox 0 0 2992 5220; ppageno 0'>
   <div class='ocr_carea' id='block_1_1' title="bbox 814 448 985 526">
    <p class='ocr_par' dir='ltr' id='par_1_1' title="bbox 814 448 985 526">
     <span class='ocr_line' id='line_1_1' title="bbox 814 448 985 526; baseline 0.006 -31"><span class='ocrx_word' id='word_1_1' title='bbox 814 448 985 526; x_wconf 66' lang='lat'>⁶4⁸·-</span> 
     </span>
    </p>
   </div>
   <div class='ocr_carea' id='block_1_2' title="bbox 383 624 1381 4183">
    <p class='ocr_par' dir='ltr' id='par_1_2' title="bbox 383 624 1381 2340">
     <span class='ocr_line' id='line_1_2' title="bbox 440 624 1365 722; baseline 0.005 -27"><span class='ocrx_word' id='word_1_2' title='bbox 440 624 606 707; x_wconf 88' lang='lat' dir='ltr'><strong>ciliarunt,</strong></span> <span class='ocrx_word' id='word_1_3' title='bbox 628 645 690 709; x_wconf 90' lang='lat' dir='ltr'><strong>qua</strong></span> <span class='ocrx_word' id='word_1_4' title='bbox 714 642 842 706; x_wconf 90' lang='lat' dir='ltr'><strong>omnes,</strong></span> <span class='ocrx_word' id='word_1_5' title='bbox 865 624 926 708; x_wconf 92' lang='lat' dir='ltr'><strong>ipsi</strong></span> <span class='ocrx_word' id='word_1_6' title='bbox 956 627 1085 693; x_wconf 84' lang='lat' dir='ltr'><strong>maxime</strong></span> <span class='ocrx_word' id='word_1_7' title='bbox 1105 630 1230 714; x_wconf 86' lang='lat' dir='ltr'><strong>physici</strong></span> <span class='ocrx_word' id='word_1_8' title='bbox 1251 649 1365 722; x_wconf 83' lang='lat' dir='ltr'><strong>negant</strong></span> 
     </span>
     <span class='ocr_line' id='line_1_3' title="bbox 439 742 1381 832; baseline 0.012 -23"><span class='ocrx_word' id='word_1_9' title='bbox 439 744 584 828; x_wconf 85' lang='lat' dir='ltr'><strong>majorem</strong></span> <span class='ocrx_word' id='word_1_10' title='bbox 613 761 684 810; x_wconf 89' lang='lat' dir='ltr'><strong>esse</strong></span> <span class='ocrx_word' id='word_1_11' title='bbox 709 743 814 809; x_wconf 89' lang='lat' dir='ltr'><strong>ullam.</strong></span> <span class='ocrx_word' id='word_1_12' title='bbox 878 742 968 829; x_wconf 85' lang='lat' dir='ltr'><strong>Quae</strong></span> <span class='ocrx_word' id='word_1_13' title='bbox 1000 763 1074 811; x_wconf 88' lang='lat' dir='ltr'><strong>sane</strong></span> <span class='ocrx_word' id='word_1_14' title='bbox 1101 766 1252 832; x_wconf 82' lang='lat' dir='ltr'><strong>perquam</strong></span> <span class='ocrx_word' id='word_1_15' title='bbox 1288 770 1381 819; x_wconf 91' lang='lat' dir='ltr'><strong>sunt-</strong></span> 
     </span>
     <span class='ocr_line' id='line_1_4' title="bbox 431 856 1364 941; baseline 0.013 -16"><span class='ocrx_word' id='word_1_16' title='bbox 431 856 529 925; x_wconf 87' lang='lat' dir='ltr'><strong>&#39;nobis</strong></span> <span class='ocrx_word' id='word_1_17' title='bbox 558 858 591 925; x_wconf 91' lang='lat' dir='ltr'><strong>in</strong></span> <span class='ocrx_word' id='word_1_18' title='bbox 620 859 693 939; x_wconf 91' lang='lat' dir='ltr'><strong>his,</strong></span> <span class='ocrx_word' id='word_1_19' title='bbox 732 876 813 940; x_wconf 90' lang='lat' dir='ltr'><strong>quae</strong></span> <span class='ocrx_word' id='word_1_20' title='bbox 835 871 1030 941; x_wconf 83' lang='lat' dir='ltr'><strong>tractamus,</strong></span> <span class='ocrx_word' id='word_1_21' title='bbox 1075 867 1216 933; x_wconf 83' lang='lat' dir='ltr'><strong>tenenda.</strong></span> <span class='ocrx_word' id='word_1_22' title='bbox 1280 869 1364 936; x_wconf 89' lang='lat' dir='ltr'><strong>Nam</strong></span> 
     </span>
     <span class='ocr_line' id='line_1_5' title="bbox 437 973 1364 1064; baseline 0.013 -22"><span class='ocrx_word' id='word_1_23' title='bbox 437 991 589 1060; x_wconf 87' lang='lat' dir='ltr'><strong>quantum</strong></span> <span class='ocrx_word' id='word_1_24' title='bbox 615 973 795 1046; x_wconf 75' lang='lat' dir='ltr'><strong>loroniondo</strong></span> <span class='ocrx_word' id='word_1_25' title='bbox 825 973 966 1042; x_wconf 86' lang='lat' dir='ltr'><strong>Graecos</strong></span> <span class='ocrx_word' id='word_1_26' title='bbox 1003 976 1201 1064; x_wconf 76' lang='lat' dir='ltr'><strong>orientales,</strong></span> <span class='ocrx_word' id='word_1_27' title='bbox 1242 998 1364 1054; x_wconf 87' lang='lat' dir='ltr'><strong>tantum</strong></span> 
     </span>
     <span class='ocr_line' id='line_1_6' title="bbox 435 1091 1364 1188; baseline 0.012 -28"><span class='ocrx_word' id='word_1_28' title='bbox 435 1091 549 1160; x_wconf 83' lang='lat' dir='ltr'><strong>Graeci</strong></span> <span class='ocrx_word' id='word_1_29' title='bbox 583 1106 769 1175; x_wconf 87' lang='lat' dir='ltr'><strong>superarunt</strong></span> <span class='ocrx_word' id='word_1_30' title='bbox 803 1091 979 1161; x_wconf 88' lang='lat' dir='ltr'><strong>Orientales</strong></span> <span class='ocrx_word' id='word_1_31' title='bbox 1021 1114 1195 1182; x_wconf 88' lang='lat' dir='ltr'><strong>omnesque</strong></span> <span class='ocrx_word' id='word_1_32' title='bbox 1224 1106 1364 1188; x_wconf 89' lang='lat' dir='ltr'><strong>populos</strong></span> 
     </span>
     <span class='ocr_line' id='line_1_7' title="bbox 433 1209 1365 1302; baseline 0.015 -29"><span class='ocrx_word' id='word_1_33' title='bbox 433 1227 504 1275; x_wconf 91' lang='lat' dir='ltr'><strong>cum</strong></span> <span class='ocrx_word' id='word_1_34' title='bbox 529 1209 784 1297; x_wconf 78' lang='lat' dir='ltr'><strong>philosophando,</strong></span> <span class='ocrx_word' id='word_1_35' title='bbox 806 1224 873 1276; x_wconf 91' lang='lat' dir='ltr'><strong>tum</strong></span> <span class='ocrx_word' id='word_1_36' title='bbox 903 1210 1076 1279; x_wconf 79' lang='lat' dir='ltr'><strong>adhibendi</strong></span> <span class='ocrx_word' id='word_1_37' title='bbox 1098 1216 1304 1302; x_wconf 77' lang='lat' dir='ltr'><strong>philosophia</strong></span> <span class='ocrx_word' id='word_1_38' title='bbox 1326 1221 1365 1287; x_wconf 85' lang='lat' dir='ltr'><strong>td</strong></span> 
     </span>
     <span class='ocr_line' id='line_1_8' title="bbox 433 1326 1363 1413; baseline 0.009 -22"><span class='ocrx_word' id='word_1_39' title='bbox 433 1326 569 1392; x_wconf 84' lang='lat' dir='ltr'><strong>acuenda</strong></span> <span class='ocrx_word' id='word_1_40' title='bbox 617 1327 850 1408; x_wconf 83' lang='lat' dir='ltr'><strong>excolendaque</strong></span> <span class='ocrx_word' id='word_1_41' title='bbox 892 1326 1052 1393; x_wconf 90' lang='lat' dir='ltr'><strong>hominum</strong></span> <span class='ocrx_word' id='word_1_42' title='bbox 1091 1327 1227 1413; x_wconf 85' lang='lat' dir='ltr'><strong>ingenia.</strong></span> <span class='ocrx_word' id='word_1_43' title='bbox 1290 1334 1363 1399; x_wconf 91' lang='lat' dir='ltr'><strong>Nos</strong></span> 
     </span>
     <span class='ocr_line' id='line_1_9' title="bbox 383 1435 1364 1522; baseline 0.003 -15"><span class='ocrx_word' id='word_1_44' title='bbox 383 1435 393 1449; x_wconf 77' lang='grc'><strong>“</strong></span> <span class='ocrx_word' id='word_1_45' title='bbox 433 1455 536 1508; x_wconf 86' lang='lat' dir='ltr'><strong>autern</strong></span> <span class='ocrx_word' id='word_1_46' title='bbox 567 1440 617 1506; x_wconf 78' lang='lat' dir='ltr'><strong>ita·</strong></span> <span class='ocrx_word' id='word_1_47' title='bbox 639 1440 789 1505; x_wconf 82' lang='lat' dir='ltr'><strong>maximos</strong></span> <span class='ocrx_word' id='word_1_48' title='bbox 818 1437 950 1504; x_wconf 87' lang='lat' dir='ltr'><strong>fecimus</strong></span> <span class='ocrx_word' id='word_1_49' title='bbox 980 1438 1014 1502; x_wconf 92' lang='lat' dir='ltr'><strong>in</strong></span> <span class='ocrx_word' id='word_1_50' title='bbox 1038 1440 1229 1522; x_wconf 84' lang='lat' dir='ltr'><strong>gravissimis</strong></span> <span class='ocrx_word' id='word_1_51' title='bbox 1247 1443 1364 1510; x_wconf 90' lang='lat' dir='ltr'><strong>doctri·</strong></span> 
     </span>
     <span class='ocr_line' id='line_1_10' title="bbox 432 1550 1364 1643; baseline 0.003 -20"><span class='ocrx_word' id='word_1_52' title='bbox 432 1557 484 1625; x_wconf 93' lang='lat' dir='ltr'><strong>nis</strong></span> <span class='ocrx_word' id='word_1_53' title='bbox 512 1572 728 1643; x_wconf 84' lang='lat' dir='ltr'><strong>progressus,</strong></span> <span class='ocrx_word' id='word_1_54' title='bbox 769 1567 806 1619; x_wconf 95' lang='lat' dir='ltr'><strong>ut</strong></span> <span class='ocrx_word' id='word_1_55' title='bbox 832 1550 986 1637; x_wconf 88' lang='lat' dir='ltr'><strong>prolicere</strong></span> <span class='ocrx_word' id='word_1_56' title='bbox 1014 1571 1054 1620; x_wconf 88' lang='lat' dir='ltr'><strong>ex</strong></span> <span class='ocrx_word' id='word_1_57' title='bbox 1084 1567 1291 1641; x_wconf 89' lang='lat' dir='ltr'><strong>utrorumque</strong></span> <span class='ocrx_word' id='word_1_58' title='bbox 1314 1560 1364 1626; x_wconf 89' lang='lat' dir='ltr'><strong>in·</strong></span> 
     </span>
     <span class='ocr_line' id='line_1_11' title="bbox 431 1667 1364 1750; baseline -0.001 -9"><span class='ocrx_word' id='word_1_59' title='bbox 431 1673 535 1741; x_wconf 86' lang='lat' dir='ltr'><strong>uentis</strong></span> <span class='ocrx_word' id='word_1_60' title='bbox 561 1667 737 1750; x_wconf 90' lang='lat' dir='ltr'><strong>studiisque</strong></span> <span class='ocrx_word' id='word_1_61' title='bbox 758 1667 799 1733; x_wconf 91' lang='lat' dir='ltr'><strong>ad</strong></span> <span class='ocrx_word' id='word_1_62' title='bbox 818 1686 921 1734; x_wconf 89' lang='lat' dir='ltr'><strong>vemm</strong></span> <span class='ocrx_word' id='word_1_63' title='bbox 943 1667 1026 1735; x_wconf 88' lang='lat' dir='ltr'><strong>vitae</strong></span> <span class='ocrx_word' id='word_1_64' title='bbox 1054 1669 1220 1739; x_wconf 89' lang='lat' dir='ltr'><strong>utilitatem</strong></span> <span class='ocrx_word' id='word_1_65' title='bbox 1239 1673 1364 1740; x_wconf 86' lang='lat' dir='ltr'><strong>studio·</strong></span> 
     </span>
     <span class='ocr_line' id='line_1_12' title="bbox 431 1784 1361 1872; baseline 0.004 -18"><span class='ocrx_word' id='word_1_66' title='bbox 431 1787 556 1854; x_wconf 90' lang='lat' dir='ltr'><strong>sissime</strong></span> <span class='ocrx_word' id='word_1_67' title='bbox 586 1785 821 1865; x_wconf 83' lang='lat' dir='ltr'><strong>tentaverimus.</strong></span> <span class='ocrx_word' id='word_1_68' title='bbox 863 1785 909 1851; x_wconf 87' lang='lat' dir='ltr'><strong>Et</strong></span> <span class='ocrx_word' id='word_1_69' title='bbox 936 1784 1135 1867; x_wconf 89' lang='lat' dir='ltr'><strong>sicquidem</strong></span> <span class='ocrx_word' id='word_1_70' title='bbox 1161 1789 1361 1872; x_wconf 87' lang='lat' dir='ltr'><strong>procedimus</strong></span> 
     </span>
     <span class='ocr_line' id='line_1_13' title="bbox 431 1902 1360 1989; baseline -0.001 -16"><span class='ocrx_word' id='word_1_71' title='bbox 431 1924 493 1987; x_wconf 89' lang='lat' dir='ltr'><strong>eo,</strong></span> <span class='ocrx_word' id='word_1_72' title='bbox 536 1920 572 1972; x_wconf 95' lang='lat' dir='ltr'><strong>ut</strong></span> <span class='ocrx_word' id='word_1_73' title='bbox 609 1904 720 1972; x_wconf 89' lang='lat' dir='ltr'><strong>dictam</strong></span> <span class='ocrx_word' id='word_1_74' title='bbox 752 1902 943 1988; x_wconf 84' lang='lat' dir='ltr'><strong>explicemus</strong></span> <span class='ocrx_word' id='word_1_75' title='bbox 979 1903 1120 1971; x_wconf 87' lang='lat' dir='ltr'><strong>Platonis</strong></span> <span class='ocrx_word' id='word_1_76' title='bbox 1149 1903 1360 1989; x_wconf 89' lang='lat' dir='ltr'><strong>sententiam,</strong></span> 
     </span>
     <span class='ocr_line' id='line_1_14' title="bbox 431 2004 1363 2104; baseline -0.002 -14"><span class='ocrx_word' id='word_1_77' title='bbox 431 2041 503 2090; x_wconf 85' lang='lat' dir='ltr'><strong>esse</strong></span> <span class='ocrx_word' id='word_1_78' title='bbox 527 2040 729 2095; x_wconf 86' lang='lat' dir='ltr'><strong>numerorum</strong></span> <span class='ocrx_word' id='word_1_79' title='bbox 754 2025 884 2104; x_wconf 64' lang='grc' dir='ltr'><strong>μάθημα</strong></span> <span class='ocrx_word' id='word_1_80' title='bbox 913 2020 947 2085; x_wconf 92' lang='lat' dir='ltr'><strong>in</strong></span> <span class='ocrx_word' id='word_1_81' title='bbox 979 2020 1019 2086; x_wconf 91' lang='lat' dir='ltr'><strong>iis</strong></span> <span class='ocrx_word' id='word_1_82' title='bbox 1053 2021 1242 2088; x_wconf 88' lang='lat' dir='ltr'><strong>censendum</strong></span> <span class='ocrx_word' id='word_1_83' title='bbox 1259 2004 1363 2090; x_wconf 83' lang='lat' dir='ltr'><strong>&#39;disci-</strong></span> 
     </span>
     <span class='ocr_line' id='line_1_15' title="bbox 431 2135 1363 2225; baseline 0.001 -19"><span class='ocrx_word' id='word_1_84' title='bbox 431 2140 549 2225; x_wconf 92' lang='lat' dir='ltr'><strong>plinis,</strong></span> <span class='ocrx_word' id='word_1_85' title='bbox 582 2157 661 2221; x_wconf 91' lang='lat' dir='ltr'><strong>quae</strong></span> <span class='ocrx_word' id='word_1_86' title='bbox 682 2139 722 2205; x_wconf 90' lang='lat' dir='ltr'><strong>ad</strong></span> <span class='ocrx_word' id='word_1_87' title='bbox 748 2143 843 2217; x_wconf 74' lang='grc' dir='ltr'><strong><em>νόησιν</em></strong></span> <span class='ocrx_word' id='word_1_88' title='bbox 870 2135 1028 2204; x_wconf 86' lang='lat' dir='ltr'><strong>adducunt</strong></span> <span class='ocrx_word' id='word_1_89' title='bbox 1051 2153 1212 2219; x_wconf 90' lang='lat' dir='ltr'><strong>mentem,</strong></span> <span class='ocrx_word' id='word_1_90' title='bbox 1241 2139 1363 2223; x_wconf 92' lang='lat' dir='ltr'><strong>quippe</strong></span> 
     </span>
     <span class='ocr_line' id='line_1_16' title="bbox 430 2251 1359 2340; baseline -0.003 -14"><span class='ocrx_word' id='word_1_91' title='bbox 430 2260 564 2327; x_wconf 73' lang='lat' dir='ltr'><strong>tosoooh</strong></span> <span class='ocrx_word' id='word_1_92' title='bbox 581 2259 652 2339; x_wconf 78' lang='lat' dir='ltr'><strong>opio</strong></span> <span class='ocrx_word' id='word_1_93' title='bbox 673 2255 787 2324; x_wconf 74' lang='lat' dir='ltr'><strong>obolon.</strong></span> <span class='ocrx_word' id='word_1_94' title='bbox 832 2252 895 2317; x_wconf 88' lang='lat' dir='ltr'><strong>Sed</strong></span> <span class='ocrx_word' id='word_1_95' title='bbox 914 2251 1013 2335; x_wconf 89' lang='lat' dir='ltr'><strong>ipsam</strong></span> <span class='ocrx_word' id='word_1_96' title='bbox 1040 2255 1235 2319; x_wconf 84' lang='lat' dir='ltr'><strong>attendamus</strong></span> <span class='ocrx_word' id='word_1_97' title='bbox 1264 2255 1359 2340; x_wconf 84' lang='lat' dir='ltr'><strong>hujus</strong></span> 
     </span>
    </p>

    <p class='ocr_par' dir='ltr' id='par_1_3' title="bbox 396 2371 1365 4183">
     <span class='ocr_line' id='line_1_17' title="bbox 429 2371 789 2457; baseline -0.019 -19"><span class='ocrx_word' id='word_1_98' title='bbox 429 2371 615 2457; x_wconf 86' lang='lat' dir='ltr'><strong>disciplinae</strong></span> <span class='ocrx_word' id='word_1_99' title='bbox 638 2384 789 2435; x_wconf 85' lang='lat' dir='ltr'><strong>naturam.</strong></span> 
     </span>
     <span class='ocr_line' id='line_1_18' title="bbox 473 2483 1358 2565; baseline 0.001 -11"><span class='ocrx_word' id='word_1_100' title='bbox 473 2490 511 2554; x_wconf 90' lang='lat' dir='ltr'><strong>ln</strong></span> <span class='ocrx_word' id='word_1_101' title='bbox 540 2487 625 2552; x_wconf 92' lang='lat' dir='ltr'><strong>omni</strong></span> <span class='ocrx_word' id='word_1_102' title='bbox 652 2483 831 2548; x_wconf 88' lang='lat' dir='ltr'><strong>studiorum</strong></span> <span class='ocrx_word' id='word_1_103' title='bbox 863 2499 999 2565; x_wconf 83' lang='lat' dir='ltr'><strong>genere,</strong></span> <span class='ocrx_word' id='word_1_104' title='bbox 1039 2483 1066 2548; x_wconf 88' lang='lat' dir='ltr'><strong>si</strong></span> <span class='ocrx_word' id='word_1_105' title='bbox 1093 2486 1358 2555; x_wconf 83' lang='lat' dir='ltr'><strong>anathematicis</strong></span> 
     </span>
     <span class='ocr_line' id='line_1_19' title="bbox 427 2597 1362 2690; baseline 0.003 -18"><span class='ocrx_word' id='word_1_106' title='bbox 427 2603 629 2681; x_wconf 90' lang='lat' dir='ltr'><strong>discesseris,</strong></span> <span class='ocrx_word' id='word_1_107' title='bbox 660 2597 738 2682; x_wconf 90' lang='lat' dir='ltr'><strong>quid</strong></span> <span class='ocrx_word' id='word_1_108' title='bbox 765 2614 873 2665; x_wconf 87' lang='lat' dir='ltr'><strong>verum</strong></span> <span class='ocrx_word' id='word_1_109' title='bbox 900 2600 967 2681; x_wconf 89' lang='lat' dir='ltr'><strong>sit,</strong></span> <span class='ocrx_word' id='word_1_110' title='bbox 999 2601 1209 2686; x_wconf 77' lang='lat' dir='ltr'><strong>conjicimus,</strong></span> <span class='ocrx_word' id='word_1_111' title='bbox 1228 2623 1362 2690; x_wconf 87' lang='lat' dir='ltr'><strong>augura·</strong></span> 
     </span>
     <span class='ocr_line' id='line_1_20' title="bbox 431 2718 1358 2802; baseline -0.002 -13"><span class='ocrx_word' id='word_1_112' title='bbox 431 2740 520 2800; x_wconf 90' lang='lat' dir='ltr'><strong>mur,</strong></span> <span class='ocrx_word' id='word_1_113' title='bbox 543 2718 667 2800; x_wconf 85' lang='lat' dir='ltr'><strong>assequi</strong></span> <span class='ocrx_word' id='word_1_114' title='bbox 688 2718 874 2798; x_wconf 80' lang='lat' dir='ltr'><strong>studemus3</strong></span> <span class='ocrx_word' id='word_1_115' title='bbox 897 2731 1058 2784; x_wconf 87' lang='lat' dir='ltr'><strong>assecutos</strong></span> <span class='ocrx_word' id='word_1_116' title='bbox 1087 2737 1163 2785; x_wconf 89' lang='lat' dir='ltr'><strong>vero</strong></span> <span class='ocrx_word' id='word_1_117' title='bbox 1183 2740 1243 2786; x_wconf 88' lang='lat' dir='ltr'><strong>nos</strong></span> <span class='ocrx_word' id='word_1_118' title='bbox 1266 2740 1358 2802; x_wconf 89' lang='lat' dir='ltr'><strong>esse,</strong></span> 
     </span>
     <span class='ocr_line' id='line_1_21' title="bbox 431 2832 1361 2913; baseline 0.001 -11"><span class='ocrx_word' id='word_1_119' title='bbox 431 2854 498 2904; x_wconf 92' lang='lat' dir='ltr'><strong>non</strong></span> <span class='ocrx_word' id='word_1_120' title='bbox 524 2834 615 2901; x_wconf 90' lang='lat' dir='ltr'><strong>facile</strong></span> <span class='ocrx_word' id='word_1_121' title='bbox 639 2832 913 2899; x_wconf 83' lang='lat' dir='ltr'><strong>contenderimus:</strong></span> <span class='ocrx_word' id='word_1_122' title='bbox 937 2852 1070 2913; x_wconf 87' lang='lat' dir='ltr'><strong>eumque</strong></span> <span class='ocrx_word' id='word_1_123' title='bbox 1085 2835 1209 2900; x_wconf 88' lang='lat' dir='ltr'><strong>laudare</strong></span> <span class='ocrx_word' id='word_1_124' title='bbox 1228 2836 1361 2903; x_wconf 80' lang='lat' dir='ltr'><strong>maxime</strong></span> 
     </span>
     <span class='ocr_line' id='line_1_22' title="bbox 431 2935 1359 3035; baseline -0.003 -14"><span class='ocrx_word' id='word_1_125' title='bbox 431 2955 590 3033; x_wconf 90' lang='lat' dir='ltr'><strong>solemus,</strong></span> <span class='ocrx_word' id='word_1_126' title='bbox 634 2949 690 3035; x_wconf 91' lang='lat' dir='ltr'><strong>qui</strong></span> <span class='ocrx_word' id='word_1_127' title='bbox 723 2947 879 3013; x_wconf 91' lang='lat' dir='ltr'><strong>minimam</strong></span> <span class='ocrx_word' id='word_1_128' title='bbox 915 2946 1025 3011; x_wconf 89' lang='lat' dir='ltr'><strong>tribuit</strong></span> <span class='ocrx_word' id='word_1_129' title='bbox 1068 2935 1265 3032; x_wconf 76' lang='lat' dir='ltr'><strong>conjecturis</strong></span> <span class='ocrx_word' id='word_1_130' title='bbox 1294 2952 1359 3019; x_wconf 88' lang='lat' dir='ltr'><strong>suis</strong></span> 
     </span>
     <span class='ocr_line' id='line_1_23' title="bbox 430 3063 1360 3151; baseline -0.004 -11"><span class='ocrx_word' id='word_1_131' title='bbox 430 3070 661 3140; x_wconf 88' lang='lat' dir='ltr'><strong>auctoritatem.</strong></span> <span class='ocrx_word' id='word_1_132' title='bbox 725 3066 762 3131; x_wconf 91' lang='lat' dir='ltr'><strong>In</strong></span> <span class='ocrx_word' id='word_1_133' title='bbox 799 3063 992 3131; x_wconf 76' lang='lat' dir='ltr'><strong>arithmetica</strong></span> <span class='ocrx_word' id='word_1_134' title='bbox 1026 3080 1160 3131; x_wconf 80' lang='lat' dir='ltr'><strong>verost</strong></span> <span class='ocrx_word' id='word_1_135' title='bbox 1190 3070 1360 3151; x_wconf 75' lang='lat' dir='ltr'><strong>geometria</strong></span> 
     </span>
     <span class='ocr_line' id='line_1_24' title="bbox 431 3180 1360 3268; baseline -0.005 -12"><span class='ocrx_word' id='word_1_136' title='bbox 431 3209 504 3256; x_wconf 84' lang='lat' dir='ltr'><strong>verr</strong></span> <span class='ocrx_word' id='word_1_137' title='bbox 532 3202 607 3252; x_wconf 86' lang='lat' dir='ltr'><strong>sunt</strong></span> <span class='ocrx_word' id='word_1_138' title='bbox 630 3184 755 3264; x_wconf 89' lang='lat' dir='ltr'><strong>omnia,</strong></span> <span class='ocrx_word' id='word_1_139' title='bbox 788 3184 893 3248; x_wconf 88' lang='lat' dir='ltr'><strong>nullus</strong></span> <span class='ocrx_word' id='word_1_140' title='bbox 917 3180 1104 3263; x_wconf 89' lang='lat' dir='ltr'><strong>relinquitur</strong></span> <span class='ocrx_word' id='word_1_141' title='bbox 1125 3184 1360 3268; x_wconf 85' lang='lat' dir='ltr'><strong>probabilitati,</strong></span> 
     </span>
     <span class='ocr_line' id='line_1_25' title="bbox 431 3299 1363 3380; baseline -0.002 -8"><span class='ocrx_word' id='word_1_142' title='bbox 431 3321 468 3372; x_wconf 92' lang='lat' dir='ltr'><strong>ut</strong></span> <span class='ocrx_word' id='word_1_143' title='bbox 494 3306 527 3370; x_wconf 92' lang='lat' dir='ltr'><strong>in</strong></span> <span class='ocrx_word' id='word_1_144' title='bbox 557 3302 651 3367; x_wconf 90' lang='lat' dir='ltr'><strong>rebus</strong></span> <span class='ocrx_word' id='word_1_145' title='bbox 682 3299 833 3380; x_wconf 79' lang='lat' dir='ltr'><strong>incertis,</strong></span> <span class='ocrx_word' id='word_1_146' title='bbox 854 3302 965 3364; x_wconf 83' lang='lat' dir='ltr'><strong>locus:</strong></span> <span class='ocrx_word' id='word_1_147' title='bbox 988 3299 1081 3380; x_wconf 91' lang='lat' dir='ltr'><strong>isque</strong></span> <span class='ocrx_word' id='word_1_148' title='bbox 1105 3302 1236 3370; x_wconf 72' lang='lat' dir='ltr'><strong>maxime</strong></span> <span class='ocrx_word' id='word_1_149' title='bbox 1256 3306 1363 3370; x_wconf 84' lang='lat' dir='ltr'><strong>exclu-</strong></span> 
     </span>
     <span class='ocr_line' id='line_1_26' title="bbox 414 3415 1360 3505; baseline -0.004 -15"><span class='ocrx_word' id='word_1_150' title='bbox 414 3420 553 3490; x_wconf 70' lang='lat' dir='ltr'><strong>dendus</strong></span> <span class='ocrx_word' id='word_1_151' title='bbox 583 3415 872 3484; x_wconf 89' lang='lat' dir='ltr'><strong>mathematicorum</strong></span> <span class='ocrx_word' id='word_1_152' title='bbox 899 3417 999 3483; x_wconf 91' lang='lat' dir='ltr'><strong>choro</strong></span> <span class='ocrx_word' id='word_1_153' title='bbox 1030 3417 1175 3499; x_wconf 85' lang='lat' dir='ltr'><strong>videtur,</strong></span> <span class='ocrx_word' id='word_1_154' title='bbox 1218 3419 1272 3499; x_wconf 92' lang='lat' dir='ltr'><strong>qui</strong></span> <span class='ocrx_word' id='word_1_155' title='bbox 1299 3440 1360 3505; x_wconf 92' lang='lat' dir='ltr'><strong>pro</strong></span> 
     </span>
     <span class='ocr_line' id='line_1_27' title="bbox 430 3533 1360 3607; baseline -0.013 -4"><span class='ocrx_word' id='word_1_156' title='bbox 430 3556 508 3607; x_wconf 86' lang='lat' dir='ltr'><strong>vero</strong></span> <span class='ocrx_word' id='word_1_157' title='bbox 537 3555 573 3603; x_wconf 87' lang='lat' dir='ltr'><strong>se</strong></span> <span class='ocrx_word' id='word_1_158' title='bbox 592 3534 637 3600; x_wconf 92' lang='lat' dir='ltr'><strong>ait</strong></span> <span class='ocrx_word' id='word_1_159' title='bbox 659 3533 930 3602; x_wconf 85' lang='lat' dir='ltr'><strong>verisimilitudine</strong></span> <span class='ocrx_word' id='word_1_160' title='bbox 957 3552 1027 3601; x_wconf 91' lang='lat' dir='ltr'><strong>esse</strong></span> <span class='ocrx_word' id='word_1_161' title='bbox 1053 3547 1249 3599; x_wconf 90' lang='lat' dir='ltr'><strong>contentum.</strong></span> <span class='ocrx_word' id='word_1_162' title='bbox 1293 3535 1360 3605; x_wconf 75' lang='lat' dir='ltr'><strong>Ex.</strong></span> 
     </span>
     <span class='ocr_line' id='line_1_28' title="bbox 431 3646 1361 3733; baseline -0.003 -11"><span class='ocrx_word' id='word_1_163' title='bbox 431 3669 516 3723; x_wconf 87' lang='lat' dir='ltr'><strong>stant</strong></span> <span class='ocrx_word' id='word_1_164' title='bbox 533 3654 566 3718; x_wconf 93' lang='lat' dir='ltr'><strong>in</strong></span> <span class='ocrx_word' id='word_1_165' title='bbox 586 3652 646 3718; x_wconf 82' lang='lat' dir='ltr'><strong>alia</strong></span> <span class='ocrx_word' id='word_1_166' title='bbox 675 3649 785 3733; x_wconf 87' lang='lat' dir='ltr'><strong>quavis</strong></span> <span class='ocrx_word' id='word_1_167' title='bbox 817 3650 1000 3732; x_wconf 87' lang='lat' dir='ltr'><strong>disciplina,</strong></span> <span class='ocrx_word' id='word_1_168' title='bbox 1022 3646 1139 3728; x_wconf 91' lang='lat' dir='ltr'><strong>quibus</strong></span> <span class='ocrx_word' id='word_1_169' title='bbox 1163 3647 1272 3715; x_wconf 89' lang='lat' dir='ltr'><strong>intimo</strong></span> <span class='ocrx_word' id='word_1_170' title='bbox 1293 3653 1361 3718; x_wconf 88' lang='lat' dir='ltr'><strong>ani·</strong></span> 
     </span>
     <span class='ocr_line' id='line_1_29' title="bbox 396 3761 1361 3844; baseline -0.006 -4"><span class='ocrx_word' id='word_1_171' title='bbox 396 3794 398 3799; x_wconf 92' lang='lat'>·</span> <span class='ocrx_word' id='word_1_172' title='bbox 430 3792 484 3841; x_wconf 89' lang='lat' dir='ltr'><strong>mo</strong></span> <span class='ocrx_word' id='word_1_173' title='bbox 508 3771 599 3837; x_wconf 89' lang='lat' dir='ltr'><strong>fidem</strong></span> <span class='ocrx_word' id='word_1_174' title='bbox 626 3768 796 3833; x_wconf 84' lang='lat' dir='ltr'><strong>habemus:</strong></span> <span class='ocrx_word' id='word_1_175' title='bbox 821 3766 853 3829; x_wconf 91' lang='lat' dir='ltr'><strong>in</strong></span> <span class='ocrx_word' id='word_1_176' title='bbox 881 3764 975 3828; x_wconf 88' lang='lat' dir='ltr'><strong>rebus</strong></span> <span class='ocrx_word' id='word_1_177' title='bbox 1004 3761 1197 3844; x_wconf 85' lang='lat' dir='ltr'><strong>moralibus,</strong></span> <span class='ocrx_word' id='word_1_178' title='bbox 1218 3764 1251 3831; x_wconf 91' lang='lat' dir='ltr'><strong>in</strong></span> <span class='ocrx_word' id='word_1_179' title='bbox 1270 3787 1361 3834; x_wconf 88' lang='lat' dir='ltr'><strong>caus·</strong></span> 
     </span>
     <span class='ocr_line' id='line_1_30' title="bbox 431 3879 1359 3970; baseline -0.008 -14"><span class='ocrx_word' id='word_1_180' title='bbox 431 3889 477 3957; x_wconf 90' lang='lat' dir='ltr'><strong>sis</strong></span> <span class='ocrx_word' id='word_1_181' title='bbox 515 3885 674 3970; x_wconf 85' lang='lat' dir='ltr'><strong>religionis</strong></span> <span class='ocrx_word' id='word_1_182' title='bbox 711 3880 902 3967; x_wconf 84' lang='lat' dir='ltr'><strong>gravissimis</strong></span> <span class='ocrx_word' id='word_1_183' title='bbox 932 3879 977 3944; x_wconf 88' lang='lat' dir='ltr'><strong>sic</strong></span> <span class='ocrx_word' id='word_1_184' title='bbox 1006 3879 1099 3945; x_wconf 89' lang='lat' dir='ltr'><strong>nobis</strong></span> <span class='ocrx_word' id='word_1_185' title='bbox 1137 3884 1359 3963; x_wconf 87' lang='lat' dir='ltr'><strong>persuademus</strong></span> 
     </span>
     <span class='ocr_line' id='line_1_31' title="bbox 434 3996 1365 4088; baseline -0.009 -13"><span class='ocrx_word' id='word_1_186' title='bbox 434 4006 562 4088; x_wconf 89' lang='lat' dir='ltr'><strong>omnia,</strong></span> <span class='ocrx_word' id='word_1_187' title='bbox 604 4017 640 4068; x_wconf 94' lang='lat' dir='ltr'><strong>ut</strong></span> <span class='ocrx_word' id='word_1_188' title='bbox 675 4000 816 4067; x_wconf 85' lang='lat' dir='ltr'><strong>dubitare</strong></span> <span class='ocrx_word' id='word_1_189' title='bbox 843 3999 883 4064; x_wconf 90' lang='lat' dir='ltr'><strong>de</strong></span> <span class='ocrx_word' id='word_1_190' title='bbox 917 3996 957 4063; x_wconf 88' lang='lat' dir='ltr'><strong>iis</strong></span> <span class='ocrx_word' id='word_1_191' title='bbox 981 3996 1064 4063; x_wconf 91' lang='lat' dir='ltr'><strong>haud</strong></span> <span class='ocrx_word' id='word_1_192' title='bbox 1093 3998 1187 4067; x_wconf 87' lang='lat' dir='ltr'><strong>licere</strong></span> <span class='ocrx_word' id='word_1_193' title='bbox 1217 3999 1365 4068; x_wconf 85' lang='lat' dir='ltr'><strong>videatur.</strong></span> 
     </span>
     <span class='ocr_line' id='line_1_32' title="bbox 1084 4100 1361 4183; baseline 0.004 -1"><span class='ocrx_word' id='word_1_194' title='bbox 1084 4100 1091 4121; x_wconf 75' lang='lat'>⁸</span> <span class='ocrx_word' id='word_1_195' title='bbox 1303 4115 1361 4183; x_wconf 86' lang='lat' dir='ltr'><strong>ho·</strong></span> 
     </span>
    </p>
   </div>
   <div class='ocr_carea' id='block_1_3' title="bbox 0 0 1500 5220">
    <p class='ocr_par' dir='ltr' id='par_1_4' title="bbox 0 0 1500 5220">
     <span class='ocr_line' id='line_1_33' title="bbox 0 0 1500 5220; baseline 0 2"><span class='ocrx_word' id='word_1_196' title='bbox 0 0 1500 5220; x_wconf 95' lang='lat' dir='ltr'><strong> </strong></span> 
     </span>
    </p>
   </div>
  </div>
 </body>
</html>
