2992 5220
520 511 691 556 ...21-

138 684 322 757 acceperat,
350 684 383 738 et
402 669 499 754 magis
518 670 609 735 etiam
627 669 804 752 dysenteria
821 667 966 731 laborans
975 669 994 745 ,’
1008 666 1074 732 Cos·

139 790 247 856 rintho
283 789 437 854 Athenas.
460 786 725 852 transveheretur.
789 784 853 850 Hic
890 781 1073 863 Terpsion'a

51 985 56 994 Ι
142 907 246 994 Quem
260 924 358 985 vero,
380 904 507 985 inquit,
528 903 631 968 virum
662 903 695 967 in
716 901 825 966 mortis
843 899 983 983 periculo
1002 896 1082 963 aee·

140 1024 203 1089 sari
229 1021 329 1088 dicis!
363 1023 454 1091 καλόν
481 1023 595 1090 re'aael
626 1024 758 1100 ἀγαθὸν,
781 1037 801 1083 0
823 1017 1081 1100 Terpsion,·re·'2

140 1140 233 1222 ponit
264 1138 434 1217 Euclides3
471 1151 503 1202 et
527 1155 601 1201 sane
627 1137 793 1200 comitatus
818 1152 891 1200 eum
923 1147 1079 1216 prosecta*

141 1251 271 1336 masque
285 1255 324 1320 ad
347 1254 498 1319 Erineum
516 1238 552 1298 ⁵<¹>
574 1271 697 1335 usque,
734 1271 803 1317 eum
830 1251 1044 1316 huctredirem
1058 1272 1076 1329 ·,·

139 1372 172 1437 in
190 1385 325 1437 mentem
347 1368 423 1436 mihi
446 1371 582 1437 Socratis
605 1370 717 1450 venit,
739 1368 970 1448 admiratusque
981 1385 1073 1446 sum,

142 1507 235 1570 quam
253 1506 329 1554 vore
346 1488 400 1555 ille
419 1501 451 1554 et
472 1490 512 1554 de
532 1488 600 1553 aliis
619 1486 694 1552 alias
722 1501 753 1552 et
780 1466 819 1551 d'e
840 1485 901 1550 hoe
931 1482 1074 1567 inprimis

139 1604 328 1671 vaticinatus
364 1605 419 1670 sit.
473 1605 608 1671 Videtur
645 1604 726 1670 enim
764 1602 842 1668 mihi
868 1602 976 1685 paucis
1003 1614 1076 1666 ante
1131 1575 1138 1589 ’

142 1737 281 1788 mortem
295 1722 408 1788 diebus
430 1722 499 1801 ilii,
521 1722 754 1787 adolescentulo
779 1720 870 1786 etiam
900 1735 995 1799 tunc,
1016 1718 1076 1782 oh

142 1838 225 1903 viam
243 1837 370 1919 faetus,
391 1857 462 1904 cum
486 1838 600 1906 fuisset
628 1860 699 1905 eum
728 1856 767 1904 eo
786 1841 983 1920 collocutus,
1006 1856 1080 1920 pero

144 1973 238 2038 quim
268 1956 337 2039 ejus
364 1955 500 2021 indolem
539 1956 706 2020 admiratus
736 1973 826 2022 esse:
867 1955 944 2020 mihi
974 1969 1077 2020 autem

144 2072 287 2138 Athenas
325 2072 462 2139 venienti
490 2093 562 2138 curn
597 2091 756 2138 sermones
789 2073 959 2153 enarravit,
994 2088 1078 2154 quos

67 2167 72 2177 “
147 2207 218 2254 cum
238 2207 277 2255 eo
292 2188 461 2277 habuerat,
482 2191 595 2275 dignos
625 2192 736 2257 auditu
766 2210 861 2275 sane,
890 2206 960 2256 tum
995 2190 1082 2256 addi·

146 2306 213 2386 dit,
241 2320 446 2389 praestantem
478 2308 562 2372 hunc
593 2308 718 2388 virum,
741 2309 768 2373 si
791 2309 985 2387 adoleverit,
1009 2310 1078 2375 slne

145 2422 243 2488 dubio
270 2423 426 2487 futurum.
450 2424 481 2466 (²³
520 2423 606 2486 Haec
645 2425 678 2486 in
706 2424 856 2502 exordi03
893 2424 949 2488 sed
984 2424 1077 2487 nobis

141 2535 250 2619 vqualis
280 2535 333 2599 illa
364 2549 463 2602 aetate
495 2535 688 2602 Theaetetus
718 2536 832 2618 fuerit,
866 2555 905 2604 ex
929 2539 978 2604 his
1000 2539 1080 2622 ipsis

147 2651 298 2732 maxime,
321 2670 403 2734 quos
425 2653 575 2718 Euclides
596 2671 767 2737 memorat,
790 2656 1009 2739 sermonibus,
1034 2660 1081 2724 in-

144 2768 289 2853 telligere
311 2769 395 2834 licet.
438 2769 521 2835 Nam
547 2772 660 2837 horum
680 2772 761 2838 facta
787 2775 966 2858 mentione,
991 2764 1081 2863 rogat
1131 2763 1136 2766 ’

144 2904 218 2953 eum
255 2884 436 2968 Terpsion,
469 2902 505 2953 ut
536 2907 642 2955 secum
674 2876 729 2955 eo's
761 2894 992 2960 communicet:
1031 2895 1081 2961 ille

147 3021 224 3070 vero
255 3002 287 3068 id
317 3001 408 3070 facile
430 3005 528 3070 amico
560 3007 737 3090 recipiens,
780 3024 948 3093 postquam
989 3014 1080 3078 ambo

146 3139 333 3206 opportuno
355 3124 428 3187 loco
457 3124 681 3205 consederant,
706 3145 800 3192 servo
825 3128 938 3194 librum
968 3129 1085 3211 tradit,

149 3256 217 3320 quo
237 3256 292 3305 eos
316 3237 386 3321 ipse
415 3239 645 3322 conscripserat
668 3243 767 3323 olim,
791 3258 822 3308 et
847 3246 951 3330 legere
977 3247 1080 3330 jubet.

148 3353 258 3420 Habiti
280 3344 392 3420 ¹autem
425 3376 442 3420 a
469 3357 606 3427 Socrate,
625 3356 749 3423 fuerant
781 3379 852 3426 cum
884 3362 1082 3442 Theodoro,

153 3470 329 3553 Cyrenaico
347 3484 378 3534 et
399 3470 533 3552 primurn
565 3474 689 3554 quidem
719 3476 759 3540 de
785 3475 984 3559 Theaeteto,
1015 3492 1082 3545 tum

148 3587 299 3668 absente3
323 3605 397 3652 mox
418 3606 494 3653 vero
517 3588 589 3672 ipse
609 3607 782 3657 accesserat
802 3595 997 3683 adolescens.
1042 3597 1086 3663 Et

148 3704 196 3770 sic
227 3703 353 3786 quidem
382 3722 513 3771 exorsus
541 3706 686 3773 Socrates
717 3709 832 3777 fuerat.
881 3760 901 3793 „
923 3714 957 3779 si
987 3716 1088 3798 Cyre·

124 3824 127 3831 “
153 3824 219 3888 nael
242 3841 317 3905 prae
336 3822 463 3889 caeteris
482 3824 557 3889 mihi
581 3844 673 3891 curae
701 3843 826 3911 essent,
850 3849 870 3894 o
893 3828 1084 3916 Theodore,

1048 3950 1086 4015 de

206 4052 246 4121 (ι)
266 4056 335 4111 Loci
358 4056 387 4107 in
411 4062 503 4117 aima
529 4078 643 4128 noman,
667 4069 698 4115 m
720 4063 881 4120 artuum
896 4066 986 4122 «aaut
1002 4044 1090 4124 aaa·

155 4143 227 4223 deri.
245 4151 322 4207 adh.
339 4155 370 4210 l..
431 4159 472 4229 (a)
491 4157 603 4215 'rheaet
621 4162 671 4218 142
689 4161 723 4215 C.
