2992 5220
644 488 840 547 -109..

320 651 370 714 Sic
404 647 569 727 Socrates,
602 648 725 732 rejectis
754 645 917 711 vilioribus
959 644 1124 725 quibusvis
1152 648 1199 709 di·

274 762 364 827 cendi
379 762 577 845 propositis,
600 763 653 842 id,
684 763 771 843 quod
788 763 820 826 in
846 761 1024 843 eloquentia
1045 775 1200 825 summum

276 894 348 958 est,
379 892 411 944 et
434 878 599 964 distinguit
622 879 660 943 ab
685 880 734 943 his
757 879 921 962 diligenter
953 893 983 943 et
1012 877 1105 943 unice
1135 877 1202 941 lau·

275 992 349 1057 dat:
384 1012 448 1075 quo
478 1008 592 1076 sponte
615 996 677 1078 jam
707 994 768 1078 ipsi
799 995 1023 1080 intelligimus,
1064 977 1122 1061 cur
1159 994 1200 1059 de

275 1109 418 1192 pristinis
449 1111 686 1176 Atheniensium
718 1111 918 1192 oratoribus,
957 1114 1005 1178 de¹
1026 1113 1097 1196 ipso
1123 1113 1201 1178 adeo

276 1202 418 1308 Pericle,
441 1226 543 1292 minus
554 1230 707 1310 praeclare
723 1228 918 1294 existimasse
938 1227 1079 1294 videatur
1100 1229 1202 1295 Plato·

278 1344 493 1429 Huiusmodi,
515 1345 557 1410 ait
568 1393 579 1426 ,
591 1362 697 1411 orator
712 1366 769 1412 nec
783 1347 878 1413 hodie
895 1361 965 1426 est,
986 1365 1043 1412 nec
1065 1364 1202 1427 unquam

274 1456 356 1541 fuit3
400 1461 514 1543 quodsi
554 1463 707 1545 quaeris,
749 1464 849 1547 qualis
887 1465 952 1546 sit,
991 1483 1066 1548 age,
1097 1466 1202 1529 bonus

273 1575 345 1656 vir,
372 1576 490 1658 quique
511 1580 631 1661 optimo
659 1581 795 1647 consilio
831 1582 929 1664 dicit,
952 1601 1058 1649 nonne
1088 1581 1205 1664 procul

274 1692 386 1772 abest,
420 1708 455 1758 ut
475 1710 590 1763 temere
613 1700 784 1780 loquatur,
814 1700 869 1766 sed
900 1700 1017 1779 aliquid
1045 1698 1201 1783 respicit‘l

274 1791 385 1874 Prouti
415 1811 526 1874 caeteri
552 1811 683 1876 artifices
717 1833 849 1892 omnes,
881 1815 918 1879 ad
939 1835 1030 1880 suum
1064 1814 1201 1896 quisque
1245 1837 1248 1844 ¹

277 1943 360 2010 opus
385 1924 612 2008 respicientes,
634 1945 700 1990 nota
721 1898 836 1991 temere
854 1929 993 2010 eligunt,
1018 1932 1104 2010 quod
1125 1951 1201 2013 ope·

275 2041 302 2106 ri
335 2061 394 2107 suo
422 2042 588 2108 adhibituri
616 2060 714 2123 sunt,
744 2044 799 2108 sed
831 2056 867 2107 ut
894 2042 1030 2124 speciem
1056 2042 1202 2109 formam·

276 2176 340 2240 que
367 2158 477 2224 habeat
506 2163 666 2243 quamdam
684 2161 734 2241 id,
760 2162 847 2243 quod
865 2161 1045 2241 elaborant,
1077 2162 1204 2242 eniton2

274 2291 344 2341 tur:
367 2277 488 2358 veluti,
518 2278 545 2342 si
565 2279 702 2363 pictores
725 2279 772 2343 vis
793 2278 970 2357 attendere,
990 2278 1202 2359 architectos,

275 2393 398 2459 navium
437 2409 695 2472 constructores,
728 2410 865 2460 caeteros
898 2395 1031 2458 artifices
1067 2413 1199 2474 omnes,

275 2510 380 2593 quivis
405 2528 514 2576 eorum
541 2510 580 2573 in
603 2510 740 2574 ordinem
758 2510 909 2592 ¹disponit
942 2509 1087 2592 singula,
1121 2528 1202 2591 quae

275 2626 440 2711 disponit,
463 2627 613 2711 cogitque
644 2626 700 2692 alia
720 2627 790 2691 aliis
818 2626 967 2707 quadrare
987 2641 1018 2692 et
1047 2645 1202 2711 congrue·
1282 2702 1285 2707 ,

247 2762 328 2827 te,
351 2746 452 2810 donec
487 2759 589 2810 totum
620 2745 778 2829 negotium
810 2760 882 2826 apte
908 2744 1082 2810 ordinatum
1110 2763 1202 2810 exor-

274 2877 447 2945 natumque
484 2862 672 2928 constiterit.
736 2862 771 2926 Id
803 2879 911 2927 ornnes
946 2861 1102 2940 artifices,
1144 2878 1201 2941 et,

276 2997 359 3060 quos
379 2977 473 3045 modo
494 2978 646 3058 ducimus,
663 2996 832 3061 puerorum
854 2977 1034 3042 educatores
1053 2991 1084 3041 et
1104 2977 1201 3042 medi·

274 3095 304 3160 ci
338 3109 436 3178 agunt
473 3112 656 3180 perpetuu,
692 3114 815 3179 corpus
849 3094 971 3180 fingunt
1005 3114 1041 3160 ac
1072 3114 1203 3177 compo·

273 3216 375 3277 nunt:
400 3212 445 3278 sic
462 3229 563 3279 autem
580 3229 612 3277 ct
634 3213 745 3277 domus
764 3229 795 3278 et
813 3214 900 3278 navis
912 3228 1070 3295 etcorpus
1100 3213 1203 3279 homi·

273 3328 323 3391 nis
351 3343 387 3392 ut
412 3327 543 3392 formam
575 3327 777 3406 habitumque
807 3328 952 3391 idoneum
975 3331 1116 3409 accepit,
1148 3329 1203 3392 be·

275 3460 317 3508 ne
337 3443 516 3508 sehabebit.
537 3442 623 3524 Quid
633 3459 708 3505 vero
728 3441 848 3504 animus
871 3441 1035 3506 hominis?
1059 3443 1202 3524 Corpus,
1226 3510 1234 3517 ,-

278 3563 365 3644 quod
388 3560 468 3626 bene
494 3577 528 3623 se
552 3558 664 3637 habet,
686 3577 795 3622 sanum
815 3570 945 3622 vocatur
976 3571 1007 3622 et
1028 3558 1199 3625 robustum.

275 3680 394 3746 Nonne
419 3676 461 3742 ita
493 3677 635 3755 animus,
658 3675 797 3766 ordinem
820 3690 1027 3757 ornatumque
1048 3694 1200 3743 consecu-

276 3813 354 3880 tos,
388 3802 474 3881 γάμου
494 3798 567 3883 legis
600 3811 738 3858 normam
774 3792 950 3872 obtinebit,
978 3794 1060 3859 unde
1088 3798 1203 3879 νόμιμοι

278 3917 424 3980 dicuntur
446 3929 478 3982 et
507 3917 642 3997 adaptat:
666 3912 698 3977 id
730 3925 831 3976 autem
851 3925 900 3976 est
912 3912 1047 3994 justitia
1067 3928 1099 3978 et
1127 3929 1204 3979 tem·

272 4030 435 4118 perantia.
481 4030 554 4095 Huc
583 4029 679 4114 igitur
704 4027 873 4114 respiciens
892 4043 1006 4116 orator,
1029 4029 1106 4113 ille,
1138 4046 1204 4099 arte

1156 4161 1206 4210 m·
