2992 5220
501 471 676 536 ...η-

124 629 203 713 bct,
224 634 261 697 ad
293 651 385 712 qoam
406 650 457 697 eas
480 634 582 715 exigat
611 632 730 696 etalio
762 646 904 712 tempore
934 633 1044 701 aliama

122 767 158 814 nt
189 766 291 814 autem
322 748 369 812 sic
403 748 498 813 homo
529 747 669 812 omnium
701 747 762 812 sibi
795 766 915 829 rerum,
947 748 1050 831 ipsius

123 864 285 945 veritatis,
319 883 462 929 mensura
484 863 549 943 sit,
571 863 703 929 efficitur
724 865 836 930 mentis
863 864 955 929 hacce
982 885 1051 931 om·

121 981 271 1061 niomque
293 999 394 1046 rerum
417 978 589 1045 motatione
608 993 778 1062 perpetum
809 1000 826 1044 a
846 979 980 1047 fortuito
1000 1001 1048 1050 re-

92 1170 95 1174 ,
122 1118 191 1162 rum
215 1116 286 1162 cum
309 1111 413 1161 mente
439 1114 595 1185 concursu
623 1094 739 1178 judicia
764 1096 913 1177 pendent.
956 1097 1051 1182 Inge-

122 1213 212 1279 niose
233 1213 335 1277 omnia
358 1228 389 1276 ct
408 1211 520 1293 partim
547 1229 640 1275 recte·
682 1212 766 1291 Ast,
789 1214 919 1280 veritate
946 1216 1051 1282 subla·

123 1337 179 1410 ti,
202 1328 278 1410 quid
299 1327 392 1393 rebus
413 1327 555 1392 humanis
577 1326 659 1393 fiet?
682 1327 759 1409 quid
779 1329 949 1396 morinus?
972 1332 1050 1413 qnid

49 1458 52 1463 '
123 1446 183 1528 ipsi
203 1447 343 1511 Deorum
362 1445 487 1509 cultui?
510 1444 607 1530 Quod
628 1446 716 1510 Deos
737 1444 869 1524 attiaet,
899 1447 958 1513 hos
989 1448 1051 1514 sci·

122 1565 194 1632 iicet
213 1563 257 1627 ilii
280 1581 351 1628 csse
371 1576 485 1647 negant
505 1561 711 1645 simpliciter,
734 1563 784 1626 vei
808 1580 884 1627 num
906 1563 990 1645 sint,
1012 1579 1049 1629 ut

120 1678 329 1762 Protagoras,
359 1677 391 1742 in
423 1677 525 1743 medio
559 1679 753 1760 relinquunt.
777 1683 808 1728 <¹²
852 1680 896 1745 Et
928 1681 1051 1749 hercle!

123 1794 201 1877 quid
229 1796 338 1875 Deos,
369 1796 446 1876 quid
474 1794 690 1877 sanctitatem,
712 1797 880 1878 pietatem,
902 1819 1052 1867 verecun-

123 1911 203 1977 diam
217 1957 228 1990 ,
240 1910 317 1991 quid
334 1912 486 1995 justitiam
505 1912 740 1991 loquerentur?
762 1913 896 1980 Tollunt
913 1917 987 1983 haec
1002 1919 1052 2002 ip·

124 2027 154 2093 si
176 2027 307 2093 decretis
324 2028 403 2093 suis.
451 2027 526 2093 Tria
548 2047 617 2095 esse
639 2032 847 2113 pronunciant
870 2034 902 2099 in
925 2035 980 2100 hac
1002 2055 1051 2102 re-
1105 2005 1109 2011 Ι

124 2162 193 2208 rum
235 2143 461 2243 universitate,
493 2151 610 2231 φύσιν,
641 2153 760 2234 mxiv,
792 2154 922 2236 τέχνην,
954 2168 1051 2220 natu·

122 2281 214 2342 ram,
245 2282 375 2343 casam,
405 2277 531 2347 artcnr,·
567 2264 616 2329 his
646 2279 748 2331 autem
778 2268 845 2333 fieri
871 2270 986 2337 omnia.
1018 2273 1050 2318 <¹2

121 2378 196 2463 Quo
222 2378 317 2445 eiiato
349 2394 486 2444 naturae
512 2393 543 2444 et
574 2385 663 2446 casui
681 2384 850 2463 pleraque,
874 2385 951 2448 nihii
970 2387 1052 2452 divi·

122 2512 180 2561 nae
207 2476 419 2575 providentiae
447 2492 612 2574 tribuunt3
646 2497 731 2578 leges
761 2511 863 2561 autem
886 2497 1049 2580 ipsamque

122 2609 273 2694 justitiam
303 2608 342 2673 ab
362 2624 453 2689 arte,
484 2628 502 2673 a
533 2611 662 2702 solertia¹
681 2612 817 2678 hominis
839 2628 1005 2697 repetunt:
1028 2637 1048 2687 a

122 2728 278 2793 solertia?
311 2727 373 2791 imo
404 2745 479 2791 vero
510 2745 528 2791 a
558 2743 762 2810 tyrannorum
797 2731 871 2797 haec
903 2748 1050 2816 repetunt

120 2847 225 2926 dolis,
257 2844 394 2925 astutia,
429 2844 617 2925 insolentia,
650 2861 686 2911 ut
725 2849 914 2915 contendere
952 2869 1048 2918 ausus

122 2963 378 3044 Thrasymachus
407 2976 479 3045 est3
513 2962 612 3046 ipsam
643 2965 742 3048 legem
772 2966 849 3031 adeo
880 2981 1048 3051 tyrannum

23 3099 28 3108 ·
119 3081 278 3164 appellant
298 3079 458 3160 civitatis,
481 3081 600 3164 quippe
628 3101 645 3147 a
676 3082 815 3165 tyrannis
846 3084 884 3148 ad
912 3104 1053 3151 commo·

118 3199 194 3264 dum
218 3216 310 3262 suurn
332 3197 513 3278 civiumque
540 3198 758 3266 detrimentum
784 3180 991 3284 excogitatam
1014 3218 1048 3271 et

122 3315 290 3379 inductam.
315 3315 348 3360 (θ
375 3314 470 3380 Unde
487 3315 633 3398 ejusdem
655 3315 882 3398 Thrasymachi
906 3318 1049 3401 dictum,

121 3450 188 3511 quo
209 3431 270 3495 sibi
293 3430 352 3494 istc
368 3430 467 3510 placet
489 3406 639 3509 mirifice,
661 3445 785 3495 acutum
809 3450 907 3511 sanc,
928 3434 984 3497 sed
994 3451 1051 3500 ne-

125 3547 275 3627 fandum,
309 3563 380 3610 esse
407 3544 557 3629 justitiam
591 3551 745 3629 ἀλλότριον
778 3552 913 3627 ἀγαθὸν,
944 3553 1053 3620 οἰκείαν

122 3669 270 3750 βλάβης
305 3681 370 3744 quo
389 3661 479 3744 -quid
515 3661 575 3728 dici
605 3661 754 3746 turpius,
783 3663 860 3745 quid
889 3663 1052 3750 moribus,

974 3780 1052 3862 quid

157 3926 198 3994 (ι)
217 3927 329 3981 Thesei.
349 3931 398 3984 162
417 3925 449 3978 E.
500 3930 548 3996 (α)
566 3927 609 3978 Da
627 3926 708 3995 Legg.
728 3925 765 3978 X.
776 3924 827 3980 888
845 3925 878 3977 E.
896 3948 936 3971 ..
951 3927 1003 3996 890
1019 3925 1056 3988 Ee

158 4021 199 4091 (5)
218 4023 254 4077 V.
272 4027 306 4077 da
323 4025 405 4080 Geor.
423 4026 444 4077 1.
463 4026 483 4079 1.
503 4043 531 4093 p.
545 4043 575 4096 ¹7
593 4044 654 4096 sqq.

576 4126 601 4190 B
