2992 5220
656 451 850 535 «2129ss

276 615 355 693 iliud
373 624 438 715 jam
464 636 602 693 tnrnsse
626 643 685 695 nec
712 624 909 695 mediocriter
937 624 1137 707 provexisse..
1175 625 1227 698 In,

276 740 421 828 Gorgia,
464 741 497 808 in
533 754 625 808 sexto
654 739 692 807 da
724 741 900 830 Republica
934 740 1037 822 libro,
1079 745 1111 808 in
1143 744 1220 811 aliis.

274 856 404 942 scriptis
435 871 578 924 accurate
603 873 655 923 ets
686 858 794 924 studet
824 878 842 924 a
870 876 906 927 se
936 859 1069 926 invicem
1099 849 1220 925 diem..

274 991 372 1057 quere
390 971 444 1053 (ὓς
480 970 514 1040 in
538 972 684 1061 Sophista
711 986 856 1055 auteur,·
872 989 909 1042 ut
931 974 1093 1057 vidimus,
1124 991 1218 1040 suant

276 1087 361 1155 illam
385 1088 531 1159 cernendi
561 1089 778 1175 jungendique
807 1092 993 1163 methodum
1022 1090 1095 1160 data
1118 1090 1218 1174 operi

275 1222 316 1272 eo
340 1204 477 1278 adhibet.
518 1202 629 1273 Locos
657 1205 732 1277 illos
750 1208 814 1292 iam
831 1207 1046 1292 percurrimus
1074 1225 1217 1293 magnam

272 1333 418 1405 partenr3
450 1321 510 1387 sed
530 1321 663 1401 quaein
685 1322 831 1409 sophista
858 1321 1065 1405 similiterque
1082 1321 1115 1388 in
1129 1321 1219 1390 Poli-

235 1415 237 1419 ’
273 1439 360 1519 nico,
391 1436 450 1520 qui
477 1435 562 1501 illius
593 1434 791 1501 continuatio
823 1450 898 1518 est,
928 1437 1075 1504 universa
1100 1434 1217 1504 attium

274 1551 541 1635 uinearumque
567 1549 752 1617 distributio
785 1550 949 1632 occurrit,
971 1552 1015 1617 ita
1035 1568 1068 1619 et
1088 1568 1217 1622 naturae

270 1651 469 1735 conveniens
497 1679 598 1733 estet
617 1666 811 1745 inventionis
829 1668 1043 1754 novitatisque
1067 1670 1217 1738 iodicium

277 1782 392 1864 habet,
422 1799 460 1849 ut
484 1783 539 1848 hic
558 1783 702 1853 videatur
726 1786 836 1869 paullo
863 1785 1044 1872 diligentius
1072 1786 1219 1856 consida-

277 1898 383 1965 randa.
436 1893 474 1971 ln
503 1899 567 1965 duo
598 1917 711 1984 genera
740 1900 825 1982 illic,
860 1901 911 1968 uti
932 1903 1091 1983 vidimus,
1128 1919 1217 1983 artes

277 2013 460 2099 distribuite
480 2023 559 2082 sunt
578 2015 650 2082 illae
667 2035 741 2082 cum
768 2022 942 2098 eversioni,
964 2033 1032 2084 tum
1054 2020 1217 2098 κτιτικιιὶι

278 2131 343 2200 illis
364 2133 528 2221 mummi
557 2133 785 2227 continentur,
829 2133 880 2201 iris
908 2150 989 2216 quae
1014 2135 1053 2202 td
1078 2121 1226 2219 cognos?

275 2249 409 2318 cendum
431 2249 603 2335 pertinent.
648 2248 712 2317 Sed
731 2262 934 2334 utrarumque
953 2251 987 2318 in
1007 2251 1213 2319 discernendo
1230 2295 1234 2307 ·

242 2426 244 2430 .
274 2382 417 2435 naturam
442 2365 537 2434 simui
567 2381 600 2433 et
632 2368 834 2452 propositum
862 2364 985 2434 definit.
1037 2367 1146 2435 Ducto
1172 2363 1212 2434 ab

202 2508 211 2528 ·
275 2487 465 2571 agricultum
489 2484 602 2565 initio,
624 2504 686 2567 qua
713 2503 763 2552 res
793 2485 993 2551 efflorescunt
1019 2502 1099 2567 quae
1125 2497 1214 2552 antea

277 2618 344 2667 non
363 2597 513 2680 fuerunt,
529 2613 599 2678 ταῖς
611 2614 786 2696 ,ποιητικαῖς
805 2602 953 2669 universe
969 2601 1044 2669 dicit
1061 2621 1111 2669 res
1116 2599 1195 2686 fim'
1199 2647 1217 2685 ‚

275 2718 372 2805 effici,
404 2730 441 2782 ut
462 2734 512 2785 res
543 2720 630 2798 sint,
651 2719 690 2784 ad
722 2724 823 2791 odrico
850 2721 1005 2788 ducantur
1032 2738 1113 2804 quae
1131 2738 1216 2788 non·

277 2836 353 2901 dum
384 2833 528 2900 fuerunt.
584 2832 810 2921 Quodcunque
831 2838 936 2920 quis‚·
957 2838 1026 2921 ait,
1057 2858 1137 2919 cum*
1158 2858 1215 2906 an·
1288 2920 1293 2939 ι

224 3032 228 3053 l
277 2964 328 3015 tea
355 2968 421 3015 non
450 2947 590 3031 fuisset,
634 2966 745 3036 postea
781 2971 820 3019 eo
856 2955 1008 3034 adduxit,
1038 2970 1075 3020 ut
1106 2969 1215 3037 esset,

278 3066 331 3145 is,
365 3065 474 3148 quiid
499 3085 539 3132 eo
562 3067 715 3151 adduxit,
737 3072 873 3155 f⁶.⁶⁸'5.5⁶;
910 3070 943 3135 id
963 3084 1089 3150 autem,
1124 3071 1213 3153 quod
1247 3143 1250 3148 ,

275 3197 321 3246 eo
349 3178 525 3246 adductum·
547 3195 621 3262 est,
655 3185 782 3266 sactum
811 3186 936 3254 dicitur.
1001 3186 1217 3272 Quamobrem

278 3296 432 3376 retortorio
448 3292 501 3359 illa
518 3296 643 3378 omnia,
661 3317 727 3364 uno
748 3305 876 3373 nomine
891 3287 1214 3390 comprehendentes,

278 3411 472 3498 appellemus
495 3405 540 3477 (·).
585 3410 669 3478 Esse
684 3431 759 3480 sane
778 3416 950 3501 simplicior
967 3419 1107 3502 itemque
1122 3438 1217 3488 accu·
1265 3458 1269 3469 ·

279 3528 376 3597 ratior
403 3546 469 3595 non
499 3540 607 3612 potest
628 3508 742 3596 artium
771 3528 893 3599 illarum
915 3533 1097 3616 descriptio.
1156 3538 1217 3605 nt-

278 3642 377 3713 terius
400 3644 521 3729 generis
546 3659 652 3729 artes,
686 3663 768 3730 quae
796 3647 836 3714 ad
861 3651 1114 3734 cognoscendum
1135 3652 1217 3722 refe·

280 3774 419 3844 runtur,
439 3777 477 3829 ut
500 3768 648 3845 emersis
668 3779 820 3849 vocaret,
841 3766 898 3834 hac
918 3765 1059 3850 ratione,
1086 3784 1121 3836 ot
1142 3770 1218 3838 item

1155 3888 1231 3971 jant-

315 3981 358 4052 (ι)
376 3980 414 4036 V.
431 3982 513 4055 Πίος.
537 3984 629 4039 Laeni.
646 3987 701 4042 rita
721 3984 793 4041 nter.
813 3985 870 4041 111.
888 3989 931 4044 ab.
952 3988 996 4044 ai.
1070 3989 1110 4061 (n)
1130 3986 1219 4054 soph.

281 4084 339 4143 atq.
359 4075 393 4126 t.
413 4072 444 4130 Β.

618 4109 768 4242 ,ι’
