2992 5220
648 483 823 551 e-ap-

278 652 411 739 quisque
441 653 474 716 ln
503 646 654 715 doctrinis
682 621 848 714 tractandis
881 644 960 711 viam
982 645 1100 715 iniret
1129 644 1204 730 pena

275 768 436 853 requittu:
462 768 624 831 videantur
647 765 724 830 adeo
756 761 970 829 doctrinarum
998 761 1135 829 studiosi
1168 764 1205 831 in

273 869 372 956 suam·
393 883 531 966 quisque
557 880 646 962 quasi
667 879 823 945 tabernam
842 879 992 959 tendere,
1015 873 1070 943 ubi
1099 889 1132 943 et
1156 879 1206 949 vir

274 1019 338 1072 tarn
377 1000 549 1083 transigant
582 1012 613 1063 ct
642 995 735 1060 rebus
764 994 910 1061 studeant
943 992 1149 1061 familiaribus
1171 1008 1205 1061 et
1299 1005 1304 1015 ’

275 1117 412 1186 unctam
442 1114 557 1180 laboris
577 1113 628 1178 sui
649 1111 810 1177 hominum
838 1111 980 1178 societati
1000 1110 1201 1197 impertiente

276 1232 401 1306 discreti
417 1249 527 1297 omnes
546 1248 609 1297 ase
619 1229 753 1313 invicem
766 1275 778 1310 ,
791 1247 977 1311 quamquam
987 1246 1052 1294 non
1071 1229 1115 1294 ita
1133 1229 1207 1297 ailo·

274 1348 331 1431 ni,
361 1348 439 1436 quin
471 1347 639 1414 identidem
669 1344 731 1411 sibi
760 1360 873 1411 mutuo
909 1363 1004 1429 opem
1032 1360 1202 1429 praestent.

275 1466 338 1533 Sed
371 1465 513 1547 quamvis
546 1464 579 1530 iu
608 1464 664 1528 hac
709 1462 822 1529 artium
859 1461 1133 1545 doctrinarumque
1159 1465 1208 1535 di·

277 1582 426 1671 versitate
464 1599 573 1647 verum
615 1582 707 1646 lateat
752 1578 985 1664 coniunctionis
1016 1579 1212 1664 auruum,

277 1697 383 1766 conati
399 1710 477 1765 'sunt
508 1710 609 1761 tamen
635 1697 768 1763 subinde
798 1696 1000 1781 philosophi,
1032 1700 1094 1767 tatu
1123 1700 1215 1783 apud

276 1827 424 1893 veteres,
447 1831 539 1894 quun
561 1811 646 1892 apud
668 1811 884 1892 recentiores,
907 1814 1130 1900 qualicumque
1155 1833 1213 1886 eru
1280 1814 1296 1904 ’-

278 1930 373 1994 modo
407 1925 549 1994 invicem
573 1928 775 2012 conjungere.
829 1930 995 1997 Celebrate
1028 1946 1077 1997 est
1103 1931 1214 1999 Mace·

280 2040 397 2109 donico
439 2059 518 2106 aevo
564 2047 830 2119 tyaoxaonnnta.
907 2045 966 2108 Uti
1012 2046 1094 2110 enim
1121 2049 1211 2115 untd-

277 2161 334 2240 qtd
359 2155 481 2222 fabulas
513 2168 654 2220 vetustas
683 2154 717 2220 in
744 2163 869 2234 anatoho
899 2157 1144 2247 disposuerant,
1165 2167 1210 2236 ite
1291 2229 1296 2239 ,

274 2293 360 2359 nunc
386 2273 551 2360 placebat,
585 2271 645 2337 hoc
678 2273 818 2337 omnium
849 2272 962 2342 artium
984 2276 1215 2352 doctrinarum.

277 2413 341 2482 que
369 2392 469 2472 orbe,
509 2389 650 2474 partibus
684 2388 847 2472 dispositis
887 2408 1010 2458 omnem
1048 2397 1216 2468 continere

277 2510 412 2580 hominis
432 2506 616 2587 scientiam,
641 2508 672 2594 (ξ)
695 2511 757 2574 und
789 2520 891 2573 tamen
919 2513 1050 2594 exceptu
1070 2512 1219 2597 philoso-

276 2628 377 2712 phia,
401 2643 479 2713 quae
509 2623 710 2689 honoratiore
739 2642 808 2689 esse
844 2625 917 2690 loco
951 2630 1095 2710 ponenda
1124 2631 1217 2701 vido

227 2730 228 2734 '
277 2744 369 2820 hatur
396 2760 453 2809 nec
483 2761 555 2807 cum
587 2739 716 2812 caeteris
751 2739 1043 2817 confundendam
1084 2745 1148 2816 Sed
1173 2766 1214 2817 ut

273 2876 340 2939 erat
358 2861 433 2927 hacc
459 2859 640 2926 distributio
666 2855 899 2940 disciplinarum
926 2861 1070 2929 utilitatis
1100 2885 1212 2937 caussa

186 3024 189 3031 ,
276 2978 471 3069 excogitata,
500 2996 565 3059 quo
597 2976 636 3041 iis
667 2973 791 3042 facilius
823 2978 1024 3058 studeretur‚
1064 2979 1107 3047 ita
1135 2999 1218 3064 post.

279 3095 452 3169 inultorum,
480 3095 643 3181 decursum
671 3093 866 3158 saeculorum
900 3093 1019 3160 exstitit
1035 3094 1067 3164 in
1091 3097 1220 3173 Britan·

278 3204 330 3271 nia
356 3205 438 3270 Baco
456 3209 683 3292 Verulamius,
706 3208 785 3294 qui,
817 3229 879 3294 qua
907 3225 971 3278 erat
1000 3212 1117 3298 ingenii
1140 3233 1217 3298 per·

282 3320 485 3409 spicaritate,
506 3339 671 3406 antequam
683 3326 716 3390 in
730 3328 845 3394 classes
861 3328 1121 3398 distribuerentur
1139 3331 1219 3400 doc·

281 3441 400 3521 trinae,
422 3438 562 3522 singulus
586 3451 619 3502 et
644 3442 851 3523 explorandas
872 3446 1016 3528 censuit,
1049 3463 1110 3530 ut,
1132 3469 1220 3533 quae

279 3573 363 3625 esset
386 3557 545 3642 cujusque
573 3569 681 3620 natura
700 3568 842 3639 pateret,
879 3574 911 3626 et
934 3563 1042 3628 esuis
1071 3583 1218 3651 quasque.

278 3672 396 3768 ingenii
412 3672 614 3741 facultatibus
626 3718 639 3754 ,
649 3686 807 3755 tamquam
823 3671 967 3744 fontibus
979 3722 992 3759 ,
1002 3678 1218 3751 ducendam

499 3792 503 3801 .
1013 3869 1017 3875 Δ
1114 3801 1218 3889 ΟΜ
1257 3803 1259 3807 .

313 3899 572 3991 (1)V.Quina1.
596 3925 636 3962 ro·
661 3920 683 3959 ι.
725 3910 766 3980 (a)
786 3907 860 3964 Plut-
887 3911 920 3967 du
950 3913 1056 3973 educet.
1075 3937 1105 3990 p.
1127 3939 1153 3993 7.
1176 3921 1215 3975 c,

280 4003 324 4059 cf.
351 4020 400 4055 nor
426 4021 511 4088 supra¹
526 4003 593 4063 vol.
623 4006 646 4060 1.
663 4024 691 4074 p·
703 4007 746 4066 64·
788 4009 829 4082 (ὅ)
859 4009 936 4068 hurd
962 4012 1065 4072 henne
1083 4015 1213 4100 ¹Wprke,

279 4090 369 4156 tund.
388 4100 463 4159 idria
495 4090 1143 4177 voi.huysvor.vrt.'nanr'x'.201.
1309 4097 1311 4102 Α
