2992 5220
795 470 973 551 ,μ-

424 642 549 706 νίτίαντ
581 640 726 707 Socrates
750 639 870 724 magis,
915 658 956 706 ne
990 654 1204 724 corrumperet
1229 639 1351 723 ingenia
1459 708 1467 724 ,

424 756 646 839 intempestivo
677 756 857 821 emendandi
880 756 1007 834 studi0,
1035 775 1150 837 quam,
1172 772 1208 821 ut
1230 755 1354 822 eximiis

427 871 612 954 quibusdam
643 870 844 936 facultatibus
872 867 1052 953 elucerent,
1093 871 1264 939 studuisse.
1296 877 1354 942 Κν)

427 997 514 1060 τοῦτο
532 994 652 1073 ἐναργὲς
664 1036 676 1071 ,
687 989 729 1054 ait
741 990 772 1054 in
790 990 941 1071 praeclara
957 988 1008 1053 illa
1020 998 1194 1073 μννενττκῆς
1213 988 1355 1072 descrip-

401 1144 404 1149 ·
429 1105 537 1181 tione,
560 1109 604 1182 dra
621 1113 694 1191 παρ’
710 1110 781 1189 ἐμοῦ
798 1111 876 1175 οὐδὲν
887 1108 1006 1175 πώποτε
1022 1110 1165 1188 pleiduras
1177 1152 1188 1184 ‚
1201 1112 1274 1178 ἀλλ’
1293 1114 1357 1177 aa·

428 1227 490 1295 rol
511 1229 594 1308 παρ’
610 1229 729 1292 αὐτῶν
748 1226 851 1292 πολλὰ
870 1224 920 1288 eal
941 1225 1024 1289 aaa
1048 1224 1219 1304 εὑρόντες
1246 1251 1281 1292 τε
1303 1225 1354 1291 καὶ

430 1344 625 1425 κατέχοντες·
649 1337 752 1428 ‚illud
759 1333 1156 1423 manifestum,disct'pulus
1177 1357 1199 1399 a
1216 1357 1357 1402 τηνικα-

427 1458 508 1545 pisse
519 1456 619 1537 nihil,
630 1454 684 1522 sed
701 1458 779 1541 ipsos
798 1475 820 1518 a
841 1474 872 1519 se
885 1467 915 1518 et
926 1453 1028 1516 multa
1047 1467 1078 1517 et
1089 1450 1356 1540 praeclaradidl·

430 1577 517 1640 cisse.
540 1574 573 1614 ‘⁰
614 1571 750 1637 Videtur
777 1571 854 1634 hanc
875 1568 1073 1647 cautionem,
1096 1567 1174 1632 hanc
1197 1566 1357 1632 abstinen-

431 1689 529 1777 tiam,
552 1706 613 1768 qua
633 1684 778 1768 profecto
797 1683 877 1749 nihil
894 1697 943 1752 est
962 1683 1088 1749 docenti
1108 1682 1288 1764 difficilius,
1311 1684 1359 1751 di·

394 1855 396 1859 .
433 1801 552 1867 trinitus
584 1801 644 1866 sibi
681 1801 783 1867 datam
815 1820 909 1883 csse,
940 1800 1152 1871 existimasse:
1185 1817 1269 1870 certe
1297 1823 1360 1870 suo

429 1900 504 2002 ‘ipse
530 1919 622 2004 genio
650 1917 802 1986 retinendi
822 1918 1068 2002 avertendique,
1096 1939 1161 1986 nou
1182 1920 1360 1987 concitandi

433 2035 497 2104 vim
522 2009 691 2102 tribuebat.
715 2035 748 2082 (⁵)

475 2152 512 2223 Iu
539 2167 604 2225 totu
625 2154 681 2223 hae
703 2153 840 2223 Platonis
861 2154 899 2220 de
917 2173 1006 2236 veta,
1019 2152 1218 2220 institutione
1246 2154 1361 2219 doctri.

434 2288 498 2352 na,
521 2288 602 2354 quae
621 2269 683 2335 sint
706 2269 851 2350 Socrati,
874 2289 954 2353 quae
984 2270 1045 2354 ipsl
1065 2270 1186 2336 Platoni
1207 2271 1359 2355 propria,
1412 2325 1419 2337 .

436 2405 516 2469 quae
538 2388 612 2453 item
639 2404 657 2452 e
683 2387 876 2471 Pythagorae
904 2403 936 2454 et
967 2387 1233 2471 Pythagoreorum
1265 2390 1363 2473 placi·

434 2506 476 2572 tis
504 2506 620 2585 ducta,
646 2518 712 2571 tum
742 2504 836 2571 nobis
863 2506 1029 2587 quaerendi
1052 2507 1110 2572 en't
1129 2506 1243 2587 locus,
1266 2525 1365 2588 quan·

435 2622 477 2687 do
504 2621 637 2687 criticam
660 2640 769 2686 sumus
790 2623 1010 2705 philosophiae
1036 2624 1212 2692 Platonicae
1243 2624 1364 2708 disqui-

436 2737 580 2805 sitionem
611 2736 797 2802 instltuturi.
841 2737 939 2820 Nunc
970 2738 1002 2803 id
1033 2739 1153 2821 agimus
1181 2739 1295 2818 unice,
1328 2754 1365 2804 ut

435 2854 570 2920 lectores
596 2851 628 2916 in
663 2850 757 2943 hujus
787 2852 1009 2936 philosophiae
1051 2853 1228 2919 interiorem
1246 2908 1252 2922 .
1269 2854 1366 2920 ratiu-

437 2988 509 3037 nem
550 2969 751 3043 inducamus;
800 2985 865 3047 quo
896 2967 961 3033 illa.
979 2967 1180 3050 pertinebunt
1210 2969 1365 3050 maxime,

439 3103 524 3168 quae,
546 3083 585 3148 de
611 3079 811 3162 eloquentia,
835 3101 926 3162 quam
948 3083 1094 3167 probavit
1123 3085 1234 3166 Plato,
1258 3104 1366 3153 mono·

436 3201 552 3266 bimus.
604 3196 923 3276 Animadvertendum
964 3214 1066 3264 auteur
1098 3201 1159 3266 hoe
1188 3203 1259 3267 loco
1280 3202 1367 3269 vide-

436 3334 511 3399 tur,
532 3334 662 3396 eorum,
685 3313 740 3395 qui
766 3314 798 3379 in
818 3312 1074 3399 philosophando
1093 3317 1253 3386 Platonem
1274 3337 1368 3388 secu.

438 3439 462 3504 ti
489 3452 587 3516 sunt,
621 3433 675 3500 vix
700 3452 887 3515 quemquam
914 3433 1040 3513 fuisse,
1063 3435 1142 3517 quin
1163 3437 1247 3503 hanc
1263 3438 1368 3523 philo·

440 3554 533 3636 sophi
568 3551 737 3616 doctrinam
768 3552 1006 3634 comprobaret
1041 3553 1262 3635 vehementer,
1299 3572 1365 3621 tum

438 3685 596 3750 exponere
622 3680 654 3730 et
685 3667 839 3734 illustrare
864 3683 1038 3735 conaretur.
1071 3673 1122 3737 De
1142 3673 1367 3737 reminiscentia

1205 3840 1206 3844 ,
1302 3792 1370 3857 ani·

439 3931 443 3939 '
478 3945 518 4015 (t)
538 3942 650 3995 ruent.
674 3940 781 3995 remu.
840 3941 881 4009 (ν)
900 3937 1083 3992 uincerat.
1102 3934 1367 4009 nnuman

440 4042 515 4102 Max.
532 4044 600 4117 'l'yn
618 4041 682 4094 dias.
701 4039 774 4092 xlv
796 4048 824 4093 et
840 4035 906 4093 XV.
