2992 5220
658 459 827 524 -,1..

161 677 162 681 ¹
276 630 331 711 pio
352 624 507 701 illustrat,
529 640 569 688 ex
595 622 784 701 amantium,
805 633 841 683 ut
868 621 972 696 solet,
994 619 1203 688 amicorumve

273 740 505 810 consuetudine
533 743 647 825 petito.
697 737 734 803 ld
765 747 911 816 constet,
933 734 1056 816 inquit,
1079 734 1202 818 siquis
1316 786 1320 797 .

273 859 406 943 alicujus
430 854 551 942 negotii
581 852 818 933 recordabitur,
848 868 977 919 necesse
998 868 1090 934 esse,
1111 864 1149 918 ut
1167 852 1206 918 il-

276 975 332 1041 iud
348 973 536 1058 cognouerit
553 986 654 1038 antec.
699 970 751 1037 Fit
769 984 872 1035 autem
892 969 952 1034 hoc
974 968 1040 1050 ita,
1062 971 1205 1055 quando,

276 1091 425 1158 sensibus
442 1091 591 1175 percepti
612 1106 647 1154 re
666 1087 795 1171 aliqui,
816 1084 904 1152 aliam
934 1085 1028 1154 simul
1047 1088 1205 1172 percipit,

275 1211 366 1294 cujus
392 1226 458 1274 non
488 1207 595 1272 endem
622 1204 712 1270 notio
734 1217 806 1285 est,
828 1218 895 1268 tum
918 1222 988 1270 eum
1010 1206 1043 1252 (¹)
1072 1204 1206 1274 dicimus

274 1327 345 1410 ejus
382 1328 426 1390 rei
462 1295 636 1403 reminisci,
674 1321 766 1406 cuius
807 1334 991 1405 perceperat
1029 1322 1206 1394 notionem.

199 1500 207 1515 .
252 1430 364 1523 xAlit,
387 1453 424 1506 ut
441 1441 503 1508 boc
522 1453 615 1521 utar,
637 1437 797 1520 bominis,
820 1438 879 1504 ulia
909 1437 997 1522 lyrae
1018 1438 1109 1505 notio
1135 1455 1208 1526 ert3
1301 1530 1304 1535 ¹

278 1559 394 1626 scimus
421 1575 498 1626 vero
528 1557 743 1639 amatoribus,
765 1557 892 1640 quondo
919 1558 1039 1639 lyram,
1060 1560 1113 1624 vei
1137 1576 1211 1626 vee-
1302 1538 1324 1585 ἲ*

280 1691 366 1759 tem,
393 1676 444 1743 vel
472 1675 578 1755 aliud,
601 1655 823 1758 quo'utuntur
850 1674 991 1758 ipsorum
1011 1675 1142 1758 amasii,
1162 1676 1213 1742 vi·

277 1794 373 1873 dent,
402 1792 435 1856 id
460 1789 605 1856 evenire:
636 1803 814 1874 agnoscunt
837 1792 935 1874 lyram
967 1804 1000 1858 et
1025 1806 1129 1858 mente
1147 1790 1212 1857 sibi
1266 1836 1269 1843 -

280 1908 375 1974 simul
403 1906 509 1976 amasii
528 1904 660 1997 formam
690 1920 942 1989 repraesentant,
970 1909 1066 1992 cuius
1083 1924 1134 1976 ert
1164 1913 1215 1995 ly·

280 2045 336 2108 ra;
360 2024 392 2089 id
413 2023 591 2091 recordatio
622 2038 692 2104 est,
714 2023 822 2106 prouti
848 2021 947 2105 item,
969 2028 1095 2108 quondo
1112 2027 1212 2111 quis,

283 2143 410 2209 Simmia
430 2155 604 2225 conspecto
624 2159 736 2224 saepe,
760 2140 891 2209 Cebetis
915 2143 1107 2211 recordatur.
1150 2141 1215 2212 Sed

281 2260 488 2327 indissimilia
505 2260 677 2348 instaurant
695 2259 779 2340 apud
793 2278 853 2326 nos
867 2277 969 2326 rerum
987 2263 1037 2327 vel
1049 2261 1214 2330 homiuum

284 2377 563 2455 reminiscentium,
587 2376 629 2440 ita
650 2376 740 2439 etiam
760 2377 881 2441 similia.
915 2378 966 2439 Fit
984 2391 1020 2440 ut
1039 2380 1111 2458 quis
1128 2398 1214 2458 equo

281 2509 454 2574 conspecto
489 2489 576 2572 picto
605 2490 655 2553 vei
682 2492 749 2570 lyra
775 2503 944 2572 conspecta
978 2491 1081 2574 picta,
1113 2494 1216 2559 homi·
1323 2470 1324 2475 ἵ

282 2608 359 2687 nis,
379 2626 435 2687 ac,
459 2606 587 2673 simmia
616 2620 789 2689 conspecto
814 2607 924 2689 picto,
953 2609 1083 2676 Cebetis
1112 2629 1217 2678 recor·

284 2727 394 2791 detur:
417 2722 454 2788 fit
475 2724 572 2802 item,
595 2736 631 2789 ut
652 2723 747 2804 quis,
775 2723 902 2791 Simmia
922 2742 1095 2811 conspecto
1112 2732 1215 2816 picto,

283 2843 390 2928 ipsius
406 2841 588 2909 recordetur
610 2841 767 2909 Simmiae.
810 2842 934 2928 Quodsi
951 2844 1063 2912 similia
1086 2865 1215 2915 movent
1292 2927 1295 2936 ¹

283 2961 368 3045 apud
388 2979 448 3027 nos
480 2959 526 3025 rei
550 2962 600 3026 vei
635 2958 783 3033 hominis,
811 2960 1073 3045 recordationem,
1104 2964 1217 3034 accidit

284 3076 591 3158 nosunoeomrro,
613 3090 669 3159 ut,
691 3077 899 3144 strumoso
923 3079 1043 3163 aliquid
1066 3082 1105 3148 au
1132 3055 1219 3176 sint,

218 3216 221 3221 ·
288 3195 473 3277 litudinem,
508 3212 566 3261 nec
590 3213 653 3277 ne,
690 3209 883 3279 reputemus.
909 3199 942 3245 (⁸)
971 3199 1069 3286 Quod
1096 3215 1132 3266 ut
1151 3203 1219 3268 ani·

286 3312 452 3379 msdvertit
475 3312 619 3379 Socrates
646 3314 816 3393 sagaciter,
844 3327 960 3394 sponte
990 3317 1035 3381 sie
1064 3318 1103 3382 ad
1133 3319 1217 3386 ideas

287 3429 451 3512 procedit,
474 3444 551 3508 quas
571 3425 665 3491 nobis
684 3427 718 3490 in
736 3441 872 3492 mentem
890 3448 1054 3512 revocare,
1077 3433 1137 3499 nisi
1160 3431 1220 3519 per'

287 3561 337 3612 rer
361 3540 507 3609 sensibus
540 3542 695 3626 subjectas
726 3556 760 3609 et
784 3542 923 3627 similes,
945 3563 1011 3613 non
1032 3569 1217 3634 possumus.

1152 3673 1219 3743 Ve-

324 3800 368 3872 (ι)
386 3795 529 3850 Phedoue
554 3801 590 3869 75
612 3803 646 3856 C.
664 3794 719 3876 Ξριι
739 3803 808 3878 οὐχὶ
827 3809 916 3868 τοῦτο
935 3807 1048 3883 δικαίως
1070 3814 1217 3894 λέγομεν,

290 3904 634 3983 &compositissime
658 3906 764 3972 brocco
795 3911 911 3987 ἔλαβεν,
953 3918 1110 3991 [tegendum
1134 3925 1217 3994 pun:

207 4039 231 4098 j
290 4030 349 4071 auu
363 4025 393 4072 at
408 4019 587 4090 aptaremus
602 4017 733 4078 rasindo
749 4020 864 4082 roim.
937 4016 1141 4121 (abphaim
1157 4021 1220 4078 tu
