<?xml version="1.0" encoding="UTF-8"?>
<!DOCTYPE html PUBLIC "-//W3C//DTD XHTML 1.0 Transitional//EN"
    "http://www.w3.org/TR/xhtml1/DTD/xhtml1-transitional.dtd">
<html xmlns="http://www.w3.org/1999/xhtml" xml:lang="en" lang="en">
 <head>
  <title>
</title>
<meta http-equiv="Content-Type" content="text/html;charset=utf-8" />
  <meta name='ocr-system' content='tesseract 3.04.00' />
  <meta name='ocr-capabilities' content='ocr_page ocr_carea ocr_par ocr_line ocrx_word'/>
</head>
<body>
  <div class='ocr_page' id='page_1' title='image "./initiaphilosoph01heusgoog_0061.png"; bbox 0 0 2992 5220; ppageno 0'>
   <div class='ocr_carea' id='block_1_1' title="bbox 676 468 856 536">
    <p class='ocr_par' dir='ltr' id='par_1_1' title="bbox 676 468 856 536">
     <span class='ocr_line' id='line_1_1' title="bbox 676 468 856 536; baseline -0.028 -27"><span class='ocrx_word' id='word_1_1' title='bbox 676 468 856 536; x_wconf 55' lang='grc' dir='ltr'>..ῃ-ι</span> 
     </span>
    </p>
   </div>
   <div class='ocr_carea' id='block_1_2' title="bbox 308 626 1237 951">
    <p class='ocr_par' dir='ltr' id='par_1_2' title="bbox 308 626 1237 951">
     <span class='ocr_line' id='line_1_2' title="bbox 308 626 1237 717; baseline -0.001 -19"><span class='ocrx_word' id='word_1_2' title='bbox 308 626 345 698; x_wconf 78' lang='lat' dir='ltr'>ro</span> <span class='ocrx_word' id='word_1_3' title='bbox 373 627 664 712; x_wconf 71' lang='lat' dir='ltr'>dinumerarent,</span> <span class='ocrx_word' id='word_1_4' title='bbox 685 632 768 715; x_wconf 87' lang='lat' dir='ltr'>apud</span> <span class='ocrx_word' id='word_1_5' title='bbox 794 649 887 712; x_wconf 88' lang='lat' dir='ltr'>quem</span> <span class='ocrx_word' id='word_1_6' title='bbox 909 629 1056 698; x_wconf 86' lang='lat' dir='ltr'>Phemius</span> <span class='ocrx_word' id='word_1_7' title='bbox 1073 632 1108 697; x_wconf 86' lang='lat' dir='ltr'>in</span> <span class='ocrx_word' id='word_1_8' title='bbox 1131 631 1237 717; x_wconf 79' lang='lat' dir='ltr'>Odys·</span> 
     </span>
     <span class='ocr_line' id='line_1_3' title="bbox 308 748 793 823; baseline -0.01 -6"><span class='ocrx_word' id='word_1_9' title='bbox 308 748 363 816; x_wconf 78' lang='lat' dir='ltr'>sna</span> <span class='ocrx_word' id='word_1_10' title='bbox 389 750 466 817; x_wconf 79' lang='lat' dir='ltr'>liaeo</span> <span class='ocrx_word' id='word_1_11' title='bbox 486 750 595 823; x_wconf 79' lang='lat' dir='ltr'>dicem</span> <span class='ocrx_word' id='word_1_12' title='bbox 611 749 793 815; x_wconf 70' lang='lat' dir='ltr'><strong>inducitur:</strong></span> 
     </span>
     <span class='ocr_line' id='line_1_4' title="bbox 413 867 1236 951; baseline -0.002 -14"><span class='ocrx_word' id='word_1_13' title='bbox 413 870 623 943; x_wconf 73' lang='grc' dir='ltr'>αὐτοδίδακτος</span> <span class='ocrx_word' id='word_1_14' title='bbox 641 871 666 936; x_wconf 78' lang='grc' dir='ltr'>δ’</span> <span class='ocrx_word' id='word_1_15' title='bbox 678 868 751 949; x_wconf 69' lang='grc' dir='ltr'>εἰμί·</span> <span class='ocrx_word' id='word_1_16' title='bbox 775 870 836 943; x_wconf 71' lang='grc' dir='ltr'>θεὸς</span> <span class='ocrx_word' id='word_1_17' title='bbox 856 868 887 936; x_wconf 76' lang='grc' dir='ltr'>δέ</span> <span class='ocrx_word' id='word_1_18' title='bbox 902 869 1003 949; x_wconf 56' lang='lat' dir='ltr'>notin</span> <span class='ocrx_word' id='word_1_19' title='bbox 1024 868 1129 951; x_wconf 75' lang='lat' dir='ltr'>tllpsolv</span> <span class='ocrx_word' id='word_1_20' title='bbox 1149 867 1236 950; x_wconf 70' lang='lat' dir='ltr'>sinna</span> 
     </span>
    </p>
   </div>
   <div class='ocr_carea' id='block_1_3' title="bbox 249 978 1242 3853">
    <p class='ocr_par' dir='ltr' id='par_1_3' title="bbox 249 978 1242 3853">
     <span class='ocr_line' id='line_1_5' title="bbox 312 978 793 1066; baseline -0.002 -13"><span class='ocrx_word' id='word_1_21' title='bbox 312 1000 317 1005; x_wconf 85' lang='grc'><em>·</em></span> <span class='ocrx_word' id='word_1_22' title='bbox 415 978 560 1059; x_wconf 68' lang='lat' dir='ltr'>inmolata</span> <span class='ocrx_word' id='word_1_23' title='bbox 582 985 736 1066; x_wconf 70' lang='lat' dir='ltr'>laddum·</span> <span class='ocrx_word' id='word_1_24' title='bbox 759 979 793 1026; x_wconf 77' lang='lat'>‘⁸&#39;</span> 
     </span>
     <span class='ocr_line' id='line_1_6' title="bbox 304 1089 1241 1183; baseline -0.004 -17"><span class='ocrx_word' id='word_1_25' title='bbox 304 1098 476 1166; x_wconf 77' lang='lat' dir='ltr'>Caeterum</span> <span class='ocrx_word' id='word_1_26' title='bbox 505 1099 546 1165; x_wconf 91' lang='lat' dir='ltr'>de</span> <span class='ocrx_word' id='word_1_27' title='bbox 571 1097 704 1183; x_wconf 79' lang='lat' dir='ltr'>pristina</span> <span class='ocrx_word' id='word_1_28' title='bbox 734 1097 788 1161; x_wconf 79' lang='lat' dir='ltr'>iila</span> <span class='ocrx_word' id='word_1_29' title='bbox 815 1089 883 1162; x_wconf 75' lang='lat' dir='ltr'>viti</span> <span class='ocrx_word' id='word_1_30' title='bbox 909 1114 986 1162; x_wconf 93' lang='lat' dir='ltr'>num</span> <span class='ocrx_word' id='word_1_31' title='bbox 1019 1094 1081 1162; x_wconf 91' lang='lat' dir='ltr'>sibi</span> <span class='ocrx_word' id='word_1_32' title='bbox 1112 1113 1241 1179; x_wconf 89' lang='lat' dir='ltr'>persua·</span> 
     </span>
     <span class='ocr_line' id='line_1_7' title="bbox 304 1213 1242 1293; baseline -0.003 -12"><span class='ocrx_word' id='word_1_33' title='bbox 304 1214 385 1281; x_wconf 79' lang='lat' dir='ltr'>sciit</span> <span class='ocrx_word' id='word_1_34' title='bbox 412 1216 528 1293; x_wconf 82' lang='lat' dir='ltr'>Pluto,</span> <span class='ocrx_word' id='word_1_35' title='bbox 554 1213 653 1280; x_wconf 91' lang='lat' dir='ltr'>nolim</span> <span class='ocrx_word' id='word_1_36' title='bbox 694 1213 857 1278; x_wconf 84' lang='lat' dir='ltr'>dirimere:</span> <span class='ocrx_word' id='word_1_37' title='bbox 902 1213 1018 1292; x_wconf 88' lang='lat' dir='ltr'>quodsi</span> <span class='ocrx_word' id='word_1_38' title='bbox 1047 1213 1122 1279; x_wconf 84' lang='lat' dir='ltr'>haec</span> <span class='ocrx_word' id='word_1_39' title='bbox 1150 1214 1242 1284; x_wconf 83' lang='lat' dir='ltr'>linxit</span> 
     </span>
     <span class='ocr_line' id='line_1_8' title="bbox 307 1326 1242 1414; baseline 0 -20"><span class='ocrx_word' id='word_1_40' title='bbox 307 1330 413 1399; x_wconf 74' lang='lat' dir='ltr'>armti</span> <span class='ocrx_word' id='word_1_41' title='bbox 435 1328 560 1414; x_wconf 79' lang='lat' dir='ltr'>ingenio</span> <span class='ocrx_word' id='word_1_42' title='bbox 600 1342 639 1395; x_wconf 91' lang='lat' dir='ltr'>ut</span> <span class='ocrx_word' id='word_1_43' title='bbox 676 1327 812 1393; x_wconf 84' lang='lat' dir='ltr'>fabulam</span> <span class='ocrx_word' id='word_1_44' title='bbox 848 1326 1040 1407; x_wconf 85' lang='lat' dir='ltr'><strong>sublimem,</strong></span> <span class='ocrx_word' id='word_1_45' title='bbox 1082 1345 1242 1395; x_wconf 84' lang='lat' dir='ltr'>assevera-</span> 
     </span>
     <span class='ocr_line' id='line_1_9' title="bbox 304 1441 1241 1528; baseline -0.002 -18"><span class='ocrx_word' id='word_1_46' title='bbox 304 1448 345 1510; x_wconf 55' lang='grc' dir='ltr'>τε</span> <span class='ocrx_word' id='word_1_47' title='bbox 374 1443 521 1528; x_wconf 84' lang='lat' dir='ltr'>equidem</span> <span class='ocrx_word' id='word_1_48' title='bbox 545 1444 611 1509; x_wconf 86' lang='lat' dir='ltr'>no&#39;n</span> <span class='ocrx_word' id='word_1_49' title='bbox 633 1443 767 1524; x_wconf 90' lang='lat' dir='ltr'>dubito,</span> <span class='ocrx_word' id='word_1_50' title='bbox 788 1441 908 1527; x_wconf 81' lang='lat' dir='ltr'>lingere</span> <span class='ocrx_word' id='word_1_51' title='bbox 938 1459 1009 1509; x_wconf 88' lang='lat' dir='ltr'>eum</span> <span class='ocrx_word' id='word_1_52' title='bbox 1034 1441 1118 1508; x_wconf 90' lang='lat' dir='ltr'>haud</span> <span class='ocrx_word' id='word_1_53' title='bbox 1148 1441 1241 1515; x_wconf 82' lang='lat' dir='ltr'>facile</span> 
     </span>
     <span class='ocr_line' id='line_1_10' title="bbox 303 1558 1241 1646; baseline -0.004 -17"><span class='ocrx_word' id='word_1_54' title='bbox 303 1563 480 1646; x_wconf 70' lang='lat' dir='ltr'>quidquam</span> <span class='ocrx_word' id='word_1_55' title='bbox 511 1561 682 1646; x_wconf 87' lang='lat' dir='ltr'>potuisse,</span> <span class='ocrx_word' id='word_1_56' title='bbox 726 1558 814 1642; x_wconf 93' lang='lat' dir='ltr'>quod</span> <span class='ocrx_word' id='word_1_57' title='bbox 850 1572 883 1625; x_wconf 90' lang='lat' dir='ltr'>et</span> <span class='ocrx_word' id='word_1_58' title='bbox 918 1559 1024 1642; x_wconf 87' lang='lat' dir='ltr'>aptius</span> <span class='ocrx_word' id='word_1_59' title='bbox 1059 1560 1241 1626; x_wconf 87' lang='lat' dir='ltr'>conveniret</span> 
     </span>
     <span class='ocr_line' id='line_1_11' title="bbox 305 1675 1238 1762; baseline 0.001 -20"><span class='ocrx_word' id='word_1_60' title='bbox 305 1677 466 1759; x_wconf 84' lang='lat' dir='ltr'>praesenti</span> <span class='ocrx_word' id='word_1_61' title='bbox 495 1675 608 1742; x_wconf 86' lang='lat' dir='ltr'>montis</span> <span class='ocrx_word' id='word_1_62' title='bbox 637 1675 837 1756; x_wconf 89' lang='lat' dir='ltr'>conditioni,</span> <span class='ocrx_word' id='word_1_63' title='bbox 870 1688 903 1762; x_wconf 89' lang='lat' dir='ltr'>et</span> <span class='ocrx_word' id='word_1_64' title='bbox 920 1675 1080 1756; x_wconf 82' lang='lat' dir='ltr'>nativam,</span> <span class='ocrx_word' id='word_1_65' title='bbox 1113 1677 1238 1743; x_wconf 89' lang='lat' dir='ltr'>insitam</span> 
     </span>
     <span class='ocr_line' id='line_1_12' title="bbox 306 1789 1237 1878; baseline 0 -20"><span class='ocrx_word' id='word_1_66' title='bbox 306 1790 402 1861; x_wconf 82' lang='lat' dir='ltr'>nobis</span> <span class='ocrx_word' id='word_1_67' title='bbox 436 1792 517 1859; x_wconf 75' lang='lat' dir='ltr'>veri‘</span> <span class='ocrx_word' id='word_1_68' title='bbox 530 1792 730 1878; x_wconf 83' lang='lat' dir='ltr'>cupiditatem</span> <span class='ocrx_word' id='word_1_69' title='bbox 756 1792 1034 1876; x_wconf 78' lang='lat' dir='ltr'>cognoscendique</span> <span class='ocrx_word' id='word_1_70' title='bbox 1060 1789 1237 1860; x_wconf 79' lang='lat' dir='ltr'>facultatem</span> 
     </span>
     <span class='ocr_line' id='line_1_13' title="bbox 249 1905 1239 1995; baseline 0 -17"><span class='ocrx_word' id='word_1_71' title='bbox 249 1945 251 1954; x_wconf 89' lang='grc'><strong><em>·</em></strong></span> <span class='ocrx_word' id='word_1_72' title='bbox 306 1905 472 1978; x_wconf 61' lang='lat' dir='ltr'>declani&amp;</span> <span class='ocrx_word' id='word_1_73' title='bbox 489 1909 683 1979; x_wconf 83' lang='lat' dir='ltr'>evidentius.</span> <span class='ocrx_word' id='word_1_74' title='bbox 738 1909 836 1995; x_wconf 89' lang='lat' dir='ltr'>Quod</span> <span class='ocrx_word' id='word_1_75' title='bbox 863 1927 930 1992; x_wconf 90' lang='lat' dir='ltr'>quo</span> <span class='ocrx_word' id='word_1_76' title='bbox 969 1908 1151 1994; x_wconf 82' lang='lat' dir='ltr'>diligentius</span> <span class='ocrx_word' id='word_1_77' title='bbox 1171 1911 1239 1994; x_wconf 78' lang='lat' dir='ltr'>eius</span> 
     </span>
     <span class='ocr_line' id='line_1_14' title="bbox 303 2012 1237 2112; baseline -0.001 -20"><span class='ocrx_word' id='word_1_78' title='bbox 303 2012 423 2109; x_wconf 69' lang='lat' dir='ltr'>‘scripta</span> <span class='ocrx_word' id='word_1_79' title='bbox 443 2030 693 2112; x_wconf 73' lang='lat' dir='ltr'>perlustramus,</span> <span class='ocrx_word' id='word_1_80' title='bbox 715 2045 754 2094; x_wconf 83' lang='lat' dir='ltr'>eo</span> <span class='ocrx_word' id='word_1_81' title='bbox 781 2025 1001 2092; x_wconf 81' lang='lat' dir='ltr'>admirabimur</span> <span class='ocrx_word' id='word_1_82' title='bbox 1019 2026 1129 2110; x_wconf 83' lang='lat' dir='ltr'>magis.</span> <span class='ocrx_word' id='word_1_83' title='bbox 1155 2025 1237 2091; x_wconf 87' lang='lat' dir='ltr'>Nam</span> 
     </span>
     <span class='ocr_line' id='line_1_15' title="bbox 301 2141 1238 2230; baseline -0.006 -18"><span class='ocrx_word' id='word_1_84' title='bbox 301 2144 341 2212; x_wconf 87' lang='lat' dir='ltr'>in</span> <span class='ocrx_word' id='word_1_85' title='bbox 360 2145 526 2212; x_wconf 81' lang='lat' dir='ltr'>Phaedone</span> <span class='ocrx_word' id='word_1_86' title='bbox 556 2147 618 2212; x_wconf 89' lang='lat' dir='ltr'>hoc</span> <span class='ocrx_word' id='word_1_87' title='bbox 642 2145 789 2230; x_wconf 88' lang='lat' dir='ltr'>placitum</span> <span class='ocrx_word' id='word_1_88' title='bbox 816 2161 856 2209; x_wconf 90' lang='lat' dir='ltr'>eo</span> <span class='ocrx_word' id='word_1_89' title='bbox 893 2141 1030 2209; x_wconf 92' lang='lat' dir='ltr'>consilio</span> <span class='ocrx_word' id='word_1_90' title='bbox 1059 2141 1238 2225; x_wconf 86' lang='lat' dir='ltr'>exposimm</span> 
     </span>
     <span class='ocr_line' id='line_1_16' title="bbox 303 2258 1238 2345; baseline -0.002 -19"><span class='ocrx_word' id='word_1_91' title='bbox 303 2260 542 2345; x_wconf 76' lang='lat' dir='ltr'>probatumque</span> <span class='ocrx_word' id='word_1_92' title='bbox 562 2261 765 2342; x_wconf 86' lang='lat' dir='ltr'>invenimus,</span> <span class='ocrx_word' id='word_1_93' title='bbox 798 2274 857 2343; x_wconf 92' lang='lat' dir='ltr'>ut,</span> <span class='ocrx_word' id='word_1_94' title='bbox 887 2275 960 2329; x_wconf 83' lang='lat' dir='ltr'>ante</span> <span class='ocrx_word' id='word_1_95' title='bbox 980 2258 1096 2328; x_wconf 75' lang='lat' dir='ltr'>,fuisse</span> <span class='ocrx_word' id='word_1_96' title='bbox 1119 2260 1238 2325; x_wconf 87' lang='lat' dir='ltr'>animos</span> 
     </span>
     <span class='ocr_line' id='line_1_17' title="bbox 304 2375 1238 2460; baseline -0.001 -18"><span class='ocrx_word' id='word_1_97' title='bbox 304 2386 455 2460; x_wconf 80' lang='lat' dir='ltr'>hostros,</span> <span class='ocrx_word' id='word_1_98' title='bbox 485 2397 578 2460; x_wconf 84' lang='lat' dir='ltr'>quam</span> <span class='ocrx_word' id='word_1_99' title='bbox 611 2395 830 2457; x_wconf 89' lang='lat' dir='ltr'>nasceremur,</span> <span class='ocrx_word' id='word_1_100' title='bbox 862 2391 1005 2460; x_wconf 87' lang='lat' dir='ltr'>pateret;</span> <span class='ocrx_word' id='word_1_101' title='bbox 1035 2375 1069 2441; x_wconf 93' lang='lat' dir='ltr'>in</span> <span class='ocrx_word' id='word_1_102' title='bbox 1097 2377 1238 2442; x_wconf 89' lang='lat' dir='ltr'>Phaedro</span> 
     </span>
     <span class='ocr_line' id='line_1_18' title="bbox 304 2493 1240 2576; baseline -0.002 -16"><span class='ocrx_word' id='word_1_103' title='bbox 304 2505 410 2561; x_wconf 84' lang='lat' dir='ltr'>autem</span> <span class='ocrx_word' id='word_1_104' title='bbox 446 2507 480 2561; x_wconf 90' lang='lat' dir='ltr'>et</span> <span class='ocrx_word' id='word_1_105' title='bbox 510 2494 544 2560; x_wconf 91' lang='lat' dir='ltr'>in</span> <span class='ocrx_word' id='word_1_106' title='bbox 577 2494 725 2562; x_wconf 89' lang='lat' dir='ltr'>universa</span> <span class='ocrx_word' id='word_1_107' title='bbox 753 2493 894 2561; x_wconf 84' lang='lat' dir='ltr'>Platonis</span> <span class='ocrx_word' id='word_1_108' title='bbox 927 2493 1129 2576; x_wconf 81' lang='lat' dir='ltr'>philosophia</span> <span class='ocrx_word' id='word_1_109' title='bbox 1155 2508 1240 2559; x_wconf 87' lang='lat' dir='ltr'>arcte</span> 
     </span>
     <span class='ocr_line' id='line_1_19' title="bbox 306 2610 1237 2694; baseline -0.003 -17"><span class='ocrx_word' id='word_1_110' title='bbox 306 2612 389 2677; x_wconf 85' lang='lat' dir='ltr'>idem</span> <span class='ocrx_word' id='word_1_111' title='bbox 407 2630 479 2677; x_wconf 91' lang='lat' dir='ltr'>cum</span> <span class='ocrx_word' id='word_1_112' title='bbox 505 2610 628 2693; x_wconf 89' lang='lat' dir='ltr'>placitis</span> <span class='ocrx_word' id='word_1_113' title='bbox 651 2613 690 2676; x_wconf 90' lang='lat' dir='ltr'>de</span> <span class='ocrx_word' id='word_1_114' title='bbox 717 2611 829 2693; x_wconf 89' lang='lat' dir='ltr'>pulcro</span> <span class='ocrx_word' id='word_1_115' title='bbox 851 2625 883 2675; x_wconf 93' lang='lat' dir='ltr'>et</span> <span class='ocrx_word' id='word_1_116' title='bbox 903 2627 1009 2677; x_wconf 88' lang='lat' dir='ltr'>amore</span> <span class='ocrx_word' id='word_1_117' title='bbox 1036 2611 1237 2694; x_wconf 90' lang='lat' dir='ltr'>conjunctum</span> 
     </span>
     <span class='ocr_line' id='line_1_20' title="bbox 302 2724 1237 2806; baseline -0.002 -16"><span class='ocrx_word' id='word_1_118' title='bbox 302 2734 380 2805; x_wconf 80' lang='lat' dir='ltr'>e&#39;st,</span> <span class='ocrx_word' id='word_1_119' title='bbox 403 2738 440 2788; x_wconf 91' lang='lat' dir='ltr'>ut</span> <span class='ocrx_word' id='word_1_120' title='bbox 472 2742 538 2789; x_wconf 91' lang='lat' dir='ltr'>non</span> <span class='ocrx_word' id='word_1_121' title='bbox 566 2726 693 2803; x_wconf 90' lang='lat' dir='ltr'>solum,</span> <span class='ocrx_word' id='word_1_122' title='bbox 716 2725 792 2805; x_wconf 90' lang='lat' dir='ltr'>quid</span> <span class='ocrx_word' id='word_1_123' title='bbox 819 2724 862 2789; x_wconf 88' lang='lat' dir='ltr'>sit</span> <span class='ocrx_word' id='word_1_124' title='bbox 891 2725 1026 2806; x_wconf 77' lang='lat' dir='ltr'>discere,</span> <span class='ocrx_word' id='word_1_125' title='bbox 1058 2726 1114 2791; x_wconf 90' lang='lat' dir='ltr'>sed</span> <span class='ocrx_word' id='word_1_126' title='bbox 1140 2725 1237 2806; x_wconf 88' lang='lat' dir='ltr'>item,</span> 
     </span>
     <span class='ocr_line' id='line_1_21' title="bbox 291 2838 1239 2924; baseline 0.001 -18"><span class='ocrx_word' id='word_1_127' title='bbox 291 2840 393 2919; x_wconf 85' lang='lat' dir='ltr'>¹unde</span> <span class='ocrx_word' id='word_1_128' title='bbox 425 2839 612 2924; x_wconf 85' lang='lat' dir='ltr'>repetendus</span> <span class='ocrx_word' id='word_1_129' title='bbox 632 2838 732 2904; x_wconf 84' lang='lat' dir='ltr'>ardor</span> <span class='ocrx_word' id='word_1_130' title='bbox 750 2848 792 2905; x_wconf 88' lang='lat' dir='ltr'>sit</span> <span class='ocrx_word' id='word_1_131' title='bbox 809 2841 878 2914; x_wconf 68' lang='lat' dir='ltr'>,ille</span> <span class='ocrx_word' id='word_1_132' title='bbox 907 2839 1067 2922; x_wconf 79' lang='lat' dir='ltr'>discendi,</span> <span class='ocrx_word' id='word_1_133' title='bbox 1100 2860 1165 2922; x_wconf 94' lang='lat' dir='ltr'>quo</span> <span class='ocrx_word' id='word_1_134' title='bbox 1183 2841 1239 2907; x_wconf 86' lang='lat' dir='ltr'>fla·</span> 
     </span>
     <span class='ocr_line' id='line_1_22' title="bbox 309 2955 1237 3042; baseline 0.002 -20"><span class='ocrx_word' id='word_1_135' title='bbox 309 2971 379 3042; x_wconf 75' lang='lat' dir='ltr'>grat</span> <span class='ocrx_word' id='word_1_136' title='bbox 406 2955 527 3035; x_wconf 92' lang='lat' dir='ltr'>homo,</span> <span class='ocrx_word' id='word_1_137' title='bbox 551 2955 717 3022; x_wconf 86' lang='lat' dir='ltr'>efficiatur:</span> <span class='ocrx_word' id='word_1_138' title='bbox 751 2959 837 3039; x_wconf 92' lang='lat' dir='ltr'>quod</span> <span class='ocrx_word' id='word_1_139' title='bbox 865 2958 1016 3041; x_wconf 88' lang='lat' dir='ltr'>perspicit</span> <span class='ocrx_word' id='word_1_140' title='bbox 1046 2973 1159 3042; x_wconf 90' lang='lat' dir='ltr'>sponte</span> <span class='ocrx_word' id='word_1_141' title='bbox 1180 2958 1237 3040; x_wconf 93' lang='lat' dir='ltr'>qui</span> 
     </span>
     <span class='ocr_line' id='line_1_23' title="bbox 303 3072 1233 3157; baseline 0.002 -19"><span class='ocrx_word' id='word_1_142' title='bbox 303 3074 460 3157; x_wconf 87' lang='lat' dir='ltr'>hymnum</span> <span class='ocrx_word' id='word_1_143' title='bbox 494 3072 633 3137; x_wconf 89' lang='lat' dir='ltr'>Platonis</span> <span class='ocrx_word' id='word_1_144' title='bbox 667 3073 700 3138; x_wconf 93' lang='lat' dir='ltr'>in</span> <span class='ocrx_word' id='word_1_145' title='bbox 729 3092 888 3153; x_wconf 90' lang='lat' dir='ltr'>amorem,</span> <span class='ocrx_word' id='word_1_146' title='bbox 933 3091 1076 3156; x_wconf 86' lang='lat' dir='ltr'>quaeque</span> <span class='ocrx_word' id='word_1_147' title='bbox 1103 3092 1163 3138; x_wconf 90' lang='lat' dir='ltr'>nos</span> <span class='ocrx_word' id='word_1_148' title='bbox 1191 3075 1233 3140; x_wconf 90' lang='lat' dir='ltr'>de</span> 
     </span>
     <span class='ocr_line' id='line_1_24' title="bbox 302 3187 1237 3271; baseline 0.002 -17"><span class='ocrx_word' id='word_1_149' title='bbox 302 3207 347 3254; x_wconf 81' lang='lat' dir='ltr'>eo</span> <span class='ocrx_word' id='word_1_150' title='bbox 368 3188 527 3269; x_wconf 87' lang='lat' dir='ltr'>diximus,</span> <span class='ocrx_word' id='word_1_151' title='bbox 550 3189 696 3256; x_wconf 84' lang='lat' dir='ltr'>memoria</span> <span class='ocrx_word' id='word_1_152' title='bbox 716 3203 825 3271; x_wconf 89' lang='lat' dir='ltr'>tenet;</span> <span class='ocrx_word' id='word_1_153' title='bbox 867 3190 923 3256; x_wconf 91' lang='lat' dir='ltr'>sed</span> <span class='ocrx_word' id='word_1_154' title='bbox 952 3209 1017 3271; x_wconf 91' lang='lat' dir='ltr'>quo</span> <span class='ocrx_word' id='word_1_155' title='bbox 1046 3208 1081 3256; x_wconf 89' lang='lat' dir='ltr'>ea</span> <span class='ocrx_word' id='word_1_156' title='bbox 1115 3187 1237 3256; x_wconf 86' lang='lat' dir='ltr'>facilius</span> 
     </span>
     <span class='ocr_line' id='line_1_25' title="bbox 305 3306 1238 3393; baseline -0.002 -19"><span class='ocrx_word' id='word_1_157' title='bbox 305 3308 367 3393; x_wconf 84' lang='lat' dir='ltr'>jam</span> <span class='ocrx_word' id='word_1_158' title='bbox 396 3307 429 3372; x_wconf 89' lang='lat' dir='ltr'>in</span> <span class='ocrx_word' id='word_1_159' title='bbox 449 3307 514 3374; x_wconf 89' lang='lat' dir='ltr'>veri</span> <span class='ocrx_word' id='word_1_160' title='bbox 541 3307 772 3391; x_wconf 86' lang='lat' dir='ltr'>philosophiam</span> <span class='ocrx_word' id='word_1_161' title='bbox 802 3306 1024 3388; x_wconf 81' lang='lat' dir='ltr'>adhibeamus,</span> <span class='ocrx_word' id='word_1_162' title='bbox 1045 3325 1126 3392; x_wconf 83' lang='lat' dir='ltr'>age,</span> <span class='ocrx_word' id='word_1_163' title='bbox 1148 3307 1238 3389; x_wconf 89' lang='lat' dir='ltr'>hym·</span> 
     </span>
     <span class='ocr_line' id='line_1_26' title="bbox 306 3423 1237 3509; baseline -0.006 -16"><span class='ocrx_word' id='word_1_164' title='bbox 306 3423 491 3493; x_wconf 83' lang='lat' dir='ltr'>humilium</span> <span class='ocrx_word' id='word_1_165' title='bbox 521 3424 714 3490; x_wconf 84' lang='lat' dir='ltr'>attendamus</span> <span class='ocrx_word' id='word_1_166' title='bbox 744 3425 892 3506; x_wconf 71' lang='lat' dir='ltr'>denuo,</span> <span class='ocrx_word' id='word_1_167' title='bbox 914 3424 1083 3508; x_wconf 87' lang='lat' dir='ltr'>missisque</span> <span class='ocrx_word' id='word_1_168' title='bbox 1103 3423 1237 3509; x_wconf 68' lang='lat' dir='ltr'>poeticis</span> 
     </span>
     <span class='ocr_line' id='line_1_27' title="bbox 306 3539 1235 3627; baseline -0.005 -20"><span class='ocrx_word' id='word_1_169' title='bbox 306 3543 514 3627; x_wconf 84' lang='lat' dir='ltr'>imaginihus,</span> <span class='ocrx_word' id='word_1_170' title='bbox 547 3541 637 3621; x_wconf 90' lang='lat' dir='ltr'>sive,</span> <span class='ocrx_word' id='word_1_171' title='bbox 669 3543 756 3625; x_wconf 90' lang='lat' dir='ltr'>quod</span> <span class='ocrx_word' id='word_1_172' title='bbox 793 3542 920 3622; x_wconf 89' lang='lat' dir='ltr'>malim,</span> <span class='ocrx_word' id='word_1_173' title='bbox 961 3542 1117 3625; x_wconf 83' lang='lat' dir='ltr'>explicitis</span> <span class='ocrx_word' id='word_1_174' title='bbox 1149 3539 1235 3617; x_wconf 90' lang='lat' dir='ltr'>iliis,</span> 
     </span>
     <span class='ocr_line' id='line_1_28' title="bbox 309 3657 1238 3745; baseline -0.002 -22"><span class='ocrx_word' id='word_1_175' title='bbox 309 3671 370 3741; x_wconf 83' lang='lat' dir='ltr'>ut,</span> <span class='ocrx_word' id='word_1_176' title='bbox 400 3657 476 3739; x_wconf 88' lang='lat' dir='ltr'>quid</span> <span class='ocrx_word' id='word_1_177' title='bbox 503 3659 706 3740; x_wconf 70' lang='lat' dir='ltr'>contineant,</span> <span class='ocrx_word' id='word_1_178' title='bbox 737 3659 953 3745; x_wconf 86' lang='lat' dir='ltr'>intelligatur,</span> <span class='ocrx_word' id='word_1_179' title='bbox 985 3677 1049 3724; x_wconf 89' lang='lat' dir='ltr'>rem</span> <span class='ocrx_word' id='word_1_180' title='bbox 1080 3659 1177 3739; x_wconf 89' lang='lat' dir='ltr'>ipsam</span> <span class='ocrx_word' id='word_1_181' title='bbox 1197 3672 1238 3721; x_wconf 84' lang='lat' dir='ltr'>ex</span> 
     </span>
     <span class='ocr_line' id='line_1_29' title="bbox 1188 3787 1236 3853; baseline 0 0"><span class='ocrx_word' id='word_1_182' title='bbox 1188 3787 1236 3853; x_wconf 73' lang='lat'>¹1³·</span> 
     </span>
    </p>
   </div>
   <div class='ocr_carea' id='block_1_4' title="bbox 303 3955 1237 4164">
    <p class='ocr_par' dir='ltr' id='par_1_4' title="bbox 303 3955 1237 4164">
     <span class='ocr_line' id='line_1_30' title="bbox 339 3955 1237 4039; baseline -0.013 -16"><span class='ocrx_word' id='word_1_183' title='bbox 339 3970 383 4039; x_wconf 80' lang='grc' dir='ltr'>(ι)</span> <span class='ocrx_word' id='word_1_184' title='bbox 402 3967 501 4039; x_wconf 77' lang='lat' dir='ltr'>Odyss.</span> <span class='ocrx_word' id='word_1_185' title='bbox 522 3969 622 4024; x_wconf 84' lang='lat' dir='ltr'>xxii.</span> <span class='ocrx_word' id='word_1_186' title='bbox 639 3969 689 4038; x_wconf 78' lang='lat'>347</span> <span class='ocrx_word' id='word_1_187' title='bbox 707 3965 744 4018; x_wconf 86' lang='lat' dir='ltr'>V.</span> <span class='ocrx_word' id='word_1_188' title='bbox 768 3966 842 4018; x_wconf 79' lang='lat' dir='ltr'>Mu.</span> <span class='ocrx_word' id='word_1_189' title='bbox 866 3960 1001 4034; x_wconf 63' lang='lat' dir='ltr'>Tyrtdiu.</span> <span class='ocrx_word' id='word_1_190' title='bbox 1019 3957 1103 4015; x_wconf 74' lang='lat' dir='ltr'>XVI·</span> <span class='ocrx_word' id='word_1_191' title='bbox 1122 3955 1185 4012; x_wconf 81' lang='lat' dir='ltr'>voi.</span> <span class='ocrx_word' id='word_1_192' title='bbox 1210 3955 1237 4011; x_wconf 65' lang='grc' dir='ltr'>Ι.</span> 
     </span>
     <span class='ocr_line' id='line_1_31' title="bbox 303 4062 825 4164; baseline -0.011 -41"><span class='ocrx_word' id='word_1_193' title='bbox 303 4083 333 4139; x_wconf 72' lang='lat' dir='ltr'>p·</span> <span class='ocrx_word' id='word_1_194' title='bbox 354 4067 403 4139; x_wconf 82' lang='lat'>295</span> <span class='ocrx_word' id='word_1_195' title='bbox 420 4067 462 4121; x_wconf 83' lang='lat' dir='ltr'>cd.</span> <span class='ocrx_word' id='word_1_196' title='bbox 486 4065 581 4120; x_wconf 69' lang='lat' dir='ltr'>meisi.</span> <span class='ocrx_word' id='word_1_197' title='bbox 609 4067 656 4119; x_wconf 82' lang='lat' dir='ltr'>ubi</span> <span class='ocrx_word' id='word_1_198' title='bbox 677 4062 713 4119; x_wconf 82' lang='lat' dir='ltr'>V.</span> <span class='ocrx_word' id='word_1_199' title='bbox 733 4063 825 4164; x_wconf 74' lang='lat' dir='ltr'>lnipp.</span> 
     </span>
    </p>
   </div>
   <div class='ocr_carea' id='block_1_5' title="bbox 0 0 1500 5220">
    <p class='ocr_par' dir='ltr' id='par_1_5' title="bbox 0 0 1500 5220">
     <span class='ocr_line' id='line_1_32' title="bbox 0 0 1500 5220; baseline 0 0"><span class='ocrx_word' id='word_1_200' title='bbox 0 0 1500 5220; x_wconf 95' lang='lat' dir='ltr'> </span> 
     </span>
    </p>
   </div>
  </div>
 </body>
</html>
