2992 5220
651 478 821 556 ·-⁹·-⁴

272 680 401 768 lolophi
429 683 469 748 ad
493 681 586 749 finem
607 680 757 746 festinant
774 662 1011 763 citiusrnlgo,
1034 667 1126 763 quam
1151 690 1206 765 prr

273 777 539 882 esl,⁷st'at'lmque
568 797 720 862 disserere
740 797 779 861 de
801 814 901 878 vero,
933 796 971 860 de
1001 772 1130 862 mundo¹
1145 825 1207 878 m,-

274 915 399 1004 spe-'de
418 912 673 997 metaphysieae,
696 931 790 995 quam
810 926 948 994 vocant,
970 912 1134 998 principiis
1155 912 1209 981 so'·

278 1034 359 1099 lent:
391 1046 478 1096 certe
506 1027 724 1114 principium,
756 1030 844 1112 quod
879 1029 1039 1111 diximus,
1072 1033 1208 1099 Socrati·

277 1142 349 1212 cuin
369 1159 402 1213 et
411 1146 603 1213 Platonicum
617 1192 628 1226 ‚
641 1165 778 1211 amorem
789 1126 1017 1230 ,negligentius
1028 1149 1205 1216 attendunt.

296 1263 394 1351 ·Quo
411 1261 580 1346 magistros
598 1261 772 1343 continuo,
784 1275 821 1326 nt
840 1262 930 1327 Plato
951 1260 1049 1345 fecit,
1069 1263 1208 1331 innatum
1306 1313 1308 1318 ,

278 1382 362 1447 hunc
404 1377 499 1445 nobis
532 1378 599 1445 veri
632 1397 768 1446 amorem
798 1379 1026 1462 explorabimus
1039 1400 1051 1457 t
1082 1363 1121 1447 et'
1144 1381 1210 1465 pri-

275 1491 361 1564 milm
390 1494 516 1580 quidem
552 1513 725 1580 puerorum
757 1493 961 1562 observandis
993 1496 1062 1562 sive
1088 1498 1211 1564 adoles·

276 1588 402 1680 centum
433 1611 561 1694 studiis,
595 1615 627 1678 in
659 1613 800 1696 quibus,
829 1603 867 1678 tit
900 1614 942 1678 ait
972 1614 1111 1694 Cicero,
1142 1615 1211 1699 ipsa

224 1740 228 1754 '
277 1747 385 1801 natura
403 1733 505 1797 elucet
527 1732 558 1796 in
575 1730 704 1814 primis:
728 1745 795 1794 tum
817 1730 948 1795 maxime
968 1731 1208 1815 quaestionibus

278 1848 468 1932 explicandis
489 1847 704 1934 gravissimis,
727 1847 805 1930 quid
821 1848 940 1914 discere
958 1848 1027 1929 sir,
1050 1849 1127 1931 quid
1149 1850 1210 1917 do·

276 1984 368 2053 cere,
391 1983 473 2050 quae
500 1983 571 2030 vera
591 1965 632 2029 sit
652 1963 853 2045 eloquentia,
877 1963 956 2045 quae
970 1965 1055 2047 justa
1078 1964 1211 2032 scriben-

277 2083 310 2150 di
330 2081 432 2149 ratior
455 2100 537 2164 quae
558 2096 643 2148 recte
663 2067 839 2163 explicari,
857 2080 919 2145 nisi
951 2099 990 2146 ex
1010 2081 1075 2147 veri
1106 2101 1210 2148 amore

276 2213 390 2267 nostro
402 2247 415 2280 ,
427 2218 491 2266 non
500 2218 639 2283 possunt
647 2205 667 2278 ,ξ
681 2197 722 2264 fic
740 2212 843 2263 autem
862 2198 1049 2280 explicitae,
1069 2198 1107 2263 ad
1129 2197 1210 2266 idem

278 2317 342 2384 hoc
375 2316 478 2382 omnis
500 2314 692 2400 cognitionis
713 2313 993 2398 philosophiaeque
1020 2313 1210 2400 principium

279 2432 413 2499 interius
431 2431 689 2515 percipiendum,
720 2430 782 2493 tim
806 2430 968 2493 habiturae
987 2431 1147 2495 maximam
1164 2434 1211 2497 vi·

278 2548 404 2613 dentur.
450 2545 518 2611 Nec
540 2545 670 2610 deerunt
690 2543 782 2608 nobis
803 2544 835 2608 in
858 2544 907 2609 his
928 2544 1130 2627 exquirendis
1152 2567 1211 2631 op-

276 2662 510 2749 portunitates,
534 2661 652 2744 quibus
673 2661 705 2724 in
739 2678 864 2726 omnem
895 2661 1103 2743 exspatiemur
1131 2665 1210 2730 anti-

277 2780 452 2864 quitatem:
486 2777 574 2862 quod
602 2795 659 2868 nec
678 2777 882 2861 injucundum
914 2778 972 2843 erit
992 2793 1025 2846 et
1052 2781 1210 2863 perutile,

277 2898 373 2966 immo
394 2915 471 2961 vero
496 2896 535 2960 ad
558 2914 645 2975 rem,
670 2914 762 2976 quam
784 2893 1210 2980 indagamus,reperiendanr

277 3012 497 3080 necessarium.
530 3011 613 3078 Nam
632 3010 722 3077 Plato
743 3011 973 3095 philosophiam
993 3011 1102 3095 suurn,
1124 3033 1210 3098 non,

277 3144 315 3195 ut
345 3129 523 3212 systematis
554 3142 665 3193 auctor
694 3127 833 3210 aliquis,
854 3129 936 3195 libro
961 3130 1082 3196 cuidam
1111 3132 1213 3198 inclu-

276 3247 336 3328 sit,
359 3230 415 3312 sed
446 3246 529 3311 huuc
559 3244 678 3311 scilicet
708 3245 740 3309 in
768 3245 896 3311 modum
926 3247 1076 3332 scripsit,
1099 3263 1135 3313 ut
1159 3269 1213 3331 ue·

277 3362 375 3428 ritatis
408 3361 600 3442 virtutisque
618 3359 734 3425 studio
752 3361 790 3424 ad
813 3362 975 3426 dicendum
999 3364 1212 3431 scribendum·

278 3497 344 3562 que
363 3476 512 3546 excitaret
533 3494 627 3558 quarn
648 3475 816 3558 plurimos.
860 3477 955 3543 Unde
975 3479 1008 3543 in
1029 3481 1115 3544 omni
1141 3481 1213 3550 lite-

278 3613 407 3675 rarum,
438 3591 619 3677 praesertim
658 3590 823 3672 oratorio,
864 3612 1000 3678 genere,
1042 3599 1211 3667 auctoritas

266 3715 348 3801 ejus
373 3710 506 3794 antiquo
527 3726 607 3776 aevo
626 3727 747 3775 summa
776 3707 862 3774 fuit:
896 3727 953 3776 nec
972 3713 1066 3794 plene
1092 3716 1212 3800 percipi

278 3829 373 3896 hodie
392 3829 588 3907 multorum,
621 3827 721 3910 ipsius
743 3828 821 3893 adeo
850 3827 1075 3896 Demosthenis
1102 3847 1134 3898 et
1157 3834 1214 3900 Ci-

281 3946 403 4018 sexonis
416 3945 556 4029 ,scripta
578 3958 737 4027 possunt,
761 3943 822 4010 nisi
841 3944 929 4012 lectis
949 3960 1091 4015 accurate
1109 3949 1214 4017 Plato·

280 4050 334 4099 7111
1161 4081 1210 4131 m,
