<?xml version="1.0" encoding="UTF-8"?>
<!DOCTYPE html PUBLIC "-//W3C//DTD XHTML 1.0 Transitional//EN"
    "http://www.w3.org/TR/xhtml1/DTD/xhtml1-transitional.dtd">
<html xmlns="http://www.w3.org/1999/xhtml" xml:lang="en" lang="en">
 <head>
  <title>
</title>
<meta http-equiv="Content-Type" content="text/html;charset=utf-8" />
  <meta name='ocr-system' content='tesseract 3.04.00' />
  <meta name='ocr-capabilities' content='ocr_page ocr_carea ocr_par ocr_line ocrx_word'/>
</head>
<body>
  <div class='ocr_page' id='page_1' title='image "./initiaphilosoph01heusgoog_0387.png"; bbox 0 0 2992 5220; ppageno 0'>
   <div class='ocr_carea' id='block_1_1' title="bbox 654 449 938 518">
    <p class='ocr_par' dir='ltr' id='par_1_1' title="bbox 654 449 938 518">
     <span class='ocr_line' id='line_1_1' title="bbox 654 449 938 518; baseline -0.035 -28"><span class='ocrx_word' id='word_1_1' title='bbox 654 449 853 518; x_wconf 70' lang='lat'>..‚„..</span> <span class='ocrx_word' id='word_1_2' title='bbox 936 456 938 460; x_wconf 77' lang='lat'><em>.</em></span> 
     </span>
    </p>
   </div>
   <div class='ocr_carea' id='block_1_2' title="bbox 184 607 1317 3840">
    <p class='ocr_par' dir='ltr' id='par_1_2' title="bbox 184 607 1317 2673">
     <span class='ocr_line' id='line_1_2' title="bbox 286 607 1221 701; baseline 0.007 -23"><span class='ocrx_word' id='word_1_3' title='bbox 286 623 469 693; x_wconf 67' lang='lat' dir='ltr'><strong>remotae,</strong></span> <span class='ocrx_word' id='word_1_4' title='bbox 490 628 633 696; x_wconf 85' lang='lat' dir='ltr'><strong>quaeque</strong></span> <span class='ocrx_word' id='word_1_5' title='bbox 664 613 843 685; x_wconf 83' lang='lat' dir='ltr'><strong>definiendo</strong></span> <span class='ocrx_word' id='word_1_6' title='bbox 873 609 1115 693; x_wconf 82' lang='lat' dir='ltr'><strong>distribuendo,</strong></span> <span class='ocrx_word' id='word_1_7' title='bbox 1135 607 1221 701; x_wconf 81' lang='lat' dir='ltr'><strong>ordi·</strong></span> 
     </span>
     <span class='ocr_line' id='line_1_3' title="bbox 184 729 1213 821; baseline 0.007 -28"><span class='ocrx_word' id='word_1_8' title='bbox 184 807 187 821; x_wconf 36' lang='grc' dir='ltr'>Ι</span> <span class='ocrx_word' id='word_1_9' title='bbox 284 745 327 794; x_wconf 89' lang='lat' dir='ltr'><strong>ne</strong></span> <span class='ocrx_word' id='word_1_10' title='bbox 354 729 483 796; x_wconf 86' lang='lat' dir='ltr'><strong>omnino</strong></span> <span class='ocrx_word' id='word_1_11' title='bbox 511 729 715 811; x_wconf 76' lang='lat' dir='ltr'>procederet,</span> <span class='ocrx_word' id='word_1_12' title='bbox 746 734 921 815; x_wconf 84' lang='lat' dir='ltr'><strong>exemplum</strong></span> <span class='ocrx_word' id='word_1_13' title='bbox 951 730 1077 818; x_wconf 88' lang='lat' dir='ltr'><strong>utrique</strong></span> <span class='ocrx_word' id='word_1_14' title='bbox 1103 730 1213 817; x_wconf 85' lang='lat' dir='ltr'><strong>Plato,</strong></span> 
     </span>
     <span class='ocr_line' id='line_1_4' title="bbox 284 843 1216 927; baseline 0.005 -18"><span class='ocrx_word' id='word_1_15' title='bbox 284 859 322 910; x_wconf 89' lang='lat' dir='ltr'><strong>ut</strong></span> <span class='ocrx_word' id='word_1_16' title='bbox 359 862 431 913; x_wconf 92' lang='lat' dir='ltr'><strong>ante</strong></span> <span class='ocrx_word' id='word_1_17' title='bbox 464 843 721 924; x_wconf 82' lang='lat' dir='ltr'><strong>observavimus,</strong></span> <span class='ocrx_word' id='word_1_18' title='bbox 764 845 798 910; x_wconf 92' lang='lat' dir='ltr'><strong>in</strong></span> <span class='ocrx_word' id='word_1_19' title='bbox 826 847 967 914; x_wconf 86' lang='lat' dir='ltr'><strong>Phaedro</strong></span> <span class='ocrx_word' id='word_1_20' title='bbox 999 845 1117 927; x_wconf 86' lang='lat' dir='ltr'><strong>dedit,</strong></span> <span class='ocrx_word' id='word_1_21' title='bbox 1159 846 1216 915; x_wconf 90' lang='lat' dir='ltr'><strong>ubl</strong></span> 
     </span>
     <span class='ocr_line' id='line_1_5' title="bbox 283 960 1218 1045; baseline -0.001 -17"><span class='ocrx_word' id='word_1_22' title='bbox 283 981 371 1028; x_wconf 85' lang='lat' dir='ltr'><strong>suam</strong></span> <span class='ocrx_word' id='word_1_23' title='bbox 397 963 542 1028; x_wconf 85' lang='lat' dir='ltr'>Socrates</span> <span class='ocrx_word' id='word_1_24' title='bbox 576 960 609 1026; x_wconf 89' lang='lat' dir='ltr'><strong>in</strong></span> <span class='ocrx_word' id='word_1_25' title='bbox 633 978 768 1026; x_wconf 87' lang='lat' dir='ltr'><strong>amorem</strong></span> <span class='ocrx_word' id='word_1_26' title='bbox 799 962 970 1029; x_wconf 87' lang='lat' dir='ltr'><strong>orationem</strong></span> <span class='ocrx_word' id='word_1_27' title='bbox 1002 960 1121 1045; x_wconf 79' lang='lat' dir='ltr'>Lysiae</span> <span class='ocrx_word' id='word_1_28' title='bbox 1150 979 1218 1027; x_wconf 85' lang='lat' dir='ltr'><strong>ser·</strong></span> 
     </span>
     <span class='ocr_line' id='line_1_6' title="bbox 284 1076 1213 1162; baseline 0.005 -21"><span class='ocrx_word' id='word_1_29' title='bbox 284 1079 371 1143; x_wconf 90' lang='lat' dir='ltr'><strong>moni</strong></span> <span class='ocrx_word' id='word_1_30' title='bbox 390 1077 536 1162; x_wconf 89' lang='lat' dir='ltr'><strong>opponit.</strong></span> <span class='ocrx_word' id='word_1_31' title='bbox 572 1076 635 1143; x_wconf 86' lang='lat' dir='ltr'><strong>Sed</strong></span> <span class='ocrx_word' id='word_1_32' title='bbox 654 1076 753 1158; x_wconf 87' lang='lat' dir='ltr'><strong>ipsius</strong></span> <span class='ocrx_word' id='word_1_33' title='bbox 777 1077 952 1146; x_wconf 81' lang='lat' dir='ltr'><strong>Platonicae</strong></span> <span class='ocrx_word' id='word_1_34' title='bbox 967 1078 1159 1158; x_wconf 84' lang='lat' dir='ltr'><strong>rhetoricae,</strong></span> <span class='ocrx_word' id='word_1_35' title='bbox 1180 1077 1213 1145; x_wconf 88' lang='lat' dir='ltr'><strong>in</strong></span> 
     </span>
     <span class='ocr_line' id='line_1_7' title="bbox 284 1193 1214 1279; baseline 0.002 -19"><span class='ocrx_word' id='word_1_36' title='bbox 284 1193 466 1260; x_wconf 76' lang='lat' dir='ltr'><strong>Aristotelis</strong></span> <span class='ocrx_word' id='word_1_37' title='bbox 492 1193 532 1259; x_wconf 91' lang='lat' dir='ltr'><strong>de</strong></span> <span class='ocrx_word' id='word_1_38' title='bbox 563 1193 619 1263; x_wconf 86' lang='lat' dir='ltr'><strong>hac</strong></span> <span class='ocrx_word' id='word_1_39' title='bbox 648 1208 715 1259; x_wconf 90' lang='lat' dir='ltr'><strong>arte</strong></span> <span class='ocrx_word' id='word_1_40' title='bbox 741 1211 861 1276; x_wconf 87' lang='lat' dir='ltr'><strong>opere,</strong></span> <span class='ocrx_word' id='word_1_41' title='bbox 881 1193 1051 1276; x_wconf 81' lang='lat' dir='ltr'><strong>descriptio</strong></span> <span class='ocrx_word' id='word_1_42' title='bbox 1070 1210 1103 1261; x_wconf 87' lang='lat' dir='ltr'><strong>et</strong></span> <span class='ocrx_word' id='word_1_43' title='bbox 1123 1194 1214 1279; x_wconf 87' lang='lat' dir='ltr'><strong>quasi</strong></span> 
     </span>
     <span class='ocr_line' id='line_1_8' title="bbox 281 1309 1214 1395; baseline 0.002 -18"><span class='ocrx_word' id='word_1_44' title='bbox 281 1325 428 1392; x_wconf 83' lang='lat' dir='ltr'><strong>expressa</strong></span> <span class='ocrx_word' id='word_1_45' title='bbox 453 1311 554 1393; x_wconf 83' lang='lat' dir='ltr'><strong>imago</strong></span> <span class='ocrx_word' id='word_1_46' title='bbox 579 1323 692 1375; x_wconf 88' lang='lat' dir='ltr'><strong>exstat.</strong></span> <span class='ocrx_word' id='word_1_47' title='bbox 747 1309 843 1395; x_wconf 88' lang='lat' dir='ltr'><strong>Quod</strong></span> <span class='ocrx_word' id='word_1_48' title='bbox 870 1324 985 1394; x_wconf 88' lang='lat' dir='ltr'><strong>sponte</strong></span> <span class='ocrx_word' id='word_1_49' title='bbox 1005 1309 1135 1393; x_wconf 87' lang='lat' dir='ltr'><strong>vident,</strong></span> <span class='ocrx_word' id='word_1_50' title='bbox 1157 1311 1214 1394; x_wconf 92' lang='lat' dir='ltr'><strong>qui</strong></span> 
     </span>
     <span class='ocr_line' id='line_1_9' title="bbox 284 1423 1215 1511; baseline 0.001 -20"><span class='ocrx_word' id='word_1_51' title='bbox 284 1423 474 1503; x_wconf 85' lang='lat' dir='ltr'><strong>Platonicam</strong></span> <span class='ocrx_word' id='word_1_52' title='bbox 506 1425 584 1488; x_wconf 88' lang='lat' dir='ltr'><strong>hanc</strong></span> <span class='ocrx_word' id='word_1_53' title='bbox 608 1424 648 1488; x_wconf 91' lang='lat' dir='ltr'><strong>de</strong></span> <span class='ocrx_word' id='word_1_54' title='bbox 684 1423 855 1487; x_wconf 89' lang='lat' dir='ltr'><strong>disserendi</strong></span> <span class='ocrx_word' id='word_1_55' title='bbox 884 1423 1044 1506; x_wconf 78' lang='lat' dir='ltr'><strong>diligentia</strong></span> <span class='ocrx_word' id='word_1_56' title='bbox 1063 1424 1215 1511; x_wconf 87' lang='lat' dir='ltr'><strong>disputa·</strong></span> 
     </span>
     <span class='ocr_line' id='line_1_10' title="bbox 283 1538 1217 1619; baseline 0.007 -14"><span class='ocrx_word' id='word_1_57' title='bbox 283 1538 401 1606; x_wconf 88' lang='lat' dir='ltr'><strong>tionem</strong></span> <span class='ocrx_word' id='word_1_58' title='bbox 423 1560 493 1605; x_wconf 87' lang='lat' dir='ltr'><strong>cum</strong></span> <span class='ocrx_word' id='word_1_59' title='bbox 514 1538 553 1603; x_wconf 90' lang='lat' dir='ltr'><strong>iis</strong></span> <span class='ocrx_word' id='word_1_60' title='bbox 577 1552 781 1619; x_wconf 88' lang='lat' dir='ltr'><strong>comparant,</strong></span> <span class='ocrx_word' id='word_1_61' title='bbox 803 1555 886 1619; x_wconf 88' lang='lat' dir='ltr'><strong>quae</strong></span> <span class='ocrx_word' id='word_1_62' title='bbox 913 1556 953 1604; x_wconf 86' lang='lat' dir='ltr'><strong>ex</strong></span> <span class='ocrx_word' id='word_1_63' title='bbox 980 1541 1066 1607; x_wconf 88' lang='lat' dir='ltr'><strong>dieto</strong></span> <span class='ocrx_word' id='word_1_64' title='bbox 1087 1541 1217 1612; x_wconf 82' lang='lat' dir='ltr'><strong>Aristo·</strong></span> 
     </span>
     <span class='ocr_line' id='line_1_11' title="bbox 283 1652 1213 1734; baseline 0.012 -16"><span class='ocrx_word' id='word_1_65' title='bbox 283 1655 354 1720; x_wconf 90' lang='lat' dir='ltr'><strong>telis</strong></span> <span class='ocrx_word' id='word_1_66' title='bbox 385 1653 466 1718; x_wconf 89' lang='lat' dir='ltr'><strong>libro</strong></span> <span class='ocrx_word' id='word_1_67' title='bbox 487 1672 582 1734; x_wconf 89' lang='lat' dir='ltr'><strong>supra</strong></span> <span class='ocrx_word' id='word_1_68' title='bbox 605 1652 802 1719; x_wconf 82' lang='lat' dir='ltr'><strong>adduximus.</strong></span> <span class='ocrx_word' id='word_1_69' title='bbox 845 1654 962 1720; x_wconf 85' lang='lat' dir='ltr'><strong>Pariter</strong></span> <span class='ocrx_word' id='word_1_70' title='bbox 980 1654 1031 1722; x_wconf 91' lang='lat' dir='ltr'><strong>hic</strong></span> <span class='ocrx_word' id='word_1_71' title='bbox 1057 1663 1213 1728; x_wconf 88' lang='lat' dir='ltr'><strong>cernendo</strong></span> 
     </span>
     <span class='ocr_line' id='line_1_12' title="bbox 282 1769 1215 1855; baseline 0.012 -19"><span class='ocrx_word' id='word_1_72' title='bbox 282 1770 568 1855; x_wconf 79' lang='lat' dir='ltr'><strong>distinguendoque</strong></span> <span class='ocrx_word' id='word_1_73' title='bbox 597 1769 759 1852; x_wconf 69' lang='lat' dir='ltr'><strong>procedite</strong></span> <span class='ocrx_word' id='word_1_74' title='bbox 782 1773 895 1851; x_wconf 87' lang='lat' dir='ltr'><strong>pariter</strong></span> <span class='ocrx_word' id='word_1_75' title='bbox 925 1773 1128 1841; x_wconf 87' lang='lat' dir='ltr'><strong>attendendos</strong></span> <span class='ocrx_word' id='word_1_76' title='bbox 1146 1797 1215 1847; x_wconf 85' lang='lat' dir='ltr'><strong>ort·</strong></span> 
     </span>
     <span class='ocr_line' id='line_1_13' title="bbox 284 1884 1217 1971; baseline 0.011 -19"><span class='ocrx_word' id='word_1_77' title='bbox 284 1887 348 1953; x_wconf 93' lang='lat' dir='ltr'><strong>tori</strong></span> <span class='ocrx_word' id='word_1_78' title='bbox 376 1885 566 1952; x_wconf 85' lang='lat' dir='ltr'><strong>audientium</strong></span> <span class='ocrx_word' id='word_1_79' title='bbox 594 1884 714 1951; x_wconf 89' lang='lat' dir='ltr'><strong>animos</strong></span> <span class='ocrx_word' id='word_1_80' title='bbox 746 1885 897 1969; x_wconf 87' lang='lat' dir='ltr'><strong>praecipit</strong></span> <span class='ocrx_word' id='word_1_81' title='bbox 925 1902 956 1953; x_wconf 91' lang='lat' dir='ltr'><strong>et</strong></span> <span class='ocrx_word' id='word_1_82' title='bbox 987 1889 1145 1971; x_wconf 77' lang='lat' dir='ltr'><strong>quasiut</strong></span> <span class='ocrx_word' id='word_1_83' title='bbox 1170 1892 1217 1962; x_wconf 85' lang='lat' dir='ltr'><strong>illi</strong></span> 
     </span>
     <span class='ocr_line' id='line_1_14' title="bbox 283 2001 1217 2088; baseline 0.005 -20"><span class='ocrx_word' id='word_1_84' title='bbox 283 2018 404 2083; x_wconf 89' lang='lat' dir='ltr'><strong>aetate,</strong></span> <span class='ocrx_word' id='word_1_85' title='bbox 427 2023 493 2086; x_wconf 92' lang='lat' dir='ltr'><strong>quo</strong></span> <span class='ocrx_word' id='word_1_86' title='bbox 512 2003 660 2088; x_wconf 82' lang='lat' dir='ltr'><strong>ingenio,</strong></span> <span class='ocrx_word' id='word_1_87' title='bbox 683 2001 801 2085; x_wconf 89' lang='lat' dir='ltr'><strong>quibus</strong></span> <span class='ocrx_word' id='word_1_88' title='bbox 825 2003 990 2086; x_wconf 88' lang='lat' dir='ltr'><strong>moribus,</strong></span> <span class='ocrx_word' id='word_1_89' title='bbox 1012 2004 1128 2087; x_wconf 88' lang='lat' dir='ltr'><strong>quibus</strong></span> <span class='ocrx_word' id='word_1_90' title='bbox 1144 2021 1217 2081; x_wconf 87' lang='lat' dir='ltr'><strong>stu·</strong></span> 
     </span>
     <span class='ocr_line' id='line_1_15' title="bbox 285 2119 1217 2203; baseline 0.009 -18"><span class='ocrx_word' id='word_1_91' title='bbox 285 2119 368 2186; x_wconf 84' lang='lat' dir='ltr'><strong>diis:</strong></span> <span class='ocrx_word' id='word_1_92' title='bbox 393 2120 446 2185; x_wconf 91' lang='lat' dir='ltr'><strong>ubi</strong></span> <span class='ocrx_word' id='word_1_93' title='bbox 478 2122 567 2185; x_wconf 91' lang='lat' dir='ltr'><strong>locus</strong></span> <span class='ocrx_word' id='word_1_94' title='bbox 594 2133 697 2187; x_wconf 87' lang='lat' dir='ltr'><strong>exstat</strong></span> <span class='ocrx_word' id='word_1_95' title='bbox 717 2121 892 2203; x_wconf 86' lang='lat' dir='ltr'><strong>praeclarus</strong></span> <span class='ocrx_word' id='word_1_96' title='bbox 916 2121 956 2188; x_wconf 89' lang='lat' dir='ltr'><strong>de</strong></span> <span class='ocrx_word' id='word_1_97' title='bbox 973 2121 1066 2189; x_wconf 86' lang='lat' dir='ltr'><strong>variis</strong></span> <span class='ocrx_word' id='word_1_98' title='bbox 1093 2123 1217 2193; x_wconf 85' lang='lat' dir='ltr'><strong>audito·</strong></span> 
     </span>
     <span class='ocr_line' id='line_1_16' title="bbox 285 2236 1215 2322; baseline 0.008 -19"><span class='ocrx_word' id='word_1_99' title='bbox 285 2258 352 2303; x_wconf 91' lang='lat' dir='ltr'><strong>rum</strong></span> <span class='ocrx_word' id='word_1_100' title='bbox 385 2236 561 2317; x_wconf 88' lang='lat' dir='ltr'><strong>aetatibus,</strong></span> <span class='ocrx_word' id='word_1_101' title='bbox 583 2238 621 2303; x_wconf 93' lang='lat' dir='ltr'><strong>de</strong></span> <span class='ocrx_word' id='word_1_102' title='bbox 649 2236 807 2321; x_wconf 72' lang='lat' dir='ltr'><strong>pueritia,</strong></span> <span class='ocrx_word' id='word_1_103' title='bbox 841 2236 880 2302; x_wconf 91' lang='lat' dir='ltr'><strong>de</strong></span> <span class='ocrx_word' id='word_1_104' title='bbox 911 2237 1152 2322; x_wconf 74' lang='lat' dir='ltr'><strong>adolescentia„</strong></span> <span class='ocrx_word' id='word_1_105' title='bbox 1175 2239 1215 2310; x_wconf 84' lang='lat' dir='ltr'><strong>de</strong></span> 
     </span>
     <span class='ocr_line' id='line_1_17' title="bbox 286 2353 1219 2442; baseline 0.006 -23"><span class='ocrx_word' id='word_1_106' title='bbox 286 2369 449 2420; x_wconf 86' lang='lat' dir='ltr'><strong>senectute</strong></span> <span class='ocrx_word' id='word_1_107' title='bbox 472 2353 519 2435; x_wconf 59' lang='grc' dir='ltr'><strong>(θ,</strong></span> <span class='ocrx_word' id='word_1_108' title='bbox 543 2372 635 2435; x_wconf 90' lang='lat' dir='ltr'><strong>quern</strong></span> <span class='ocrx_word' id='word_1_109' title='bbox 652 2353 806 2437; x_wconf 86' lang='lat' dir='ltr'><strong>expressit</strong></span> <span class='ocrx_word' id='word_1_110' title='bbox 821 2354 853 2418; x_wconf 93' lang='lat' dir='ltr'><strong>in</strong></span> <span class='ocrx_word' id='word_1_111' title='bbox 865 2354 1015 2442; x_wconf 82' lang='lat' dir='ltr'><strong>EpistoIA</strong></span> <span class='ocrx_word' id='word_1_112' title='bbox 1032 2356 1079 2423; x_wconf 82' lang='lat' dir='ltr'><strong>od</strong></span> <span class='ocrx_word' id='word_1_113' title='bbox 1094 2357 1219 2425; x_wconf 75' lang='lat' dir='ltr'><strong>Pisones</strong></span> 
     </span>
     <span class='ocr_line' id='line_1_18' title="bbox 281 2459 1317 2557; baseline 0.008 -21"><span class='ocrx_word' id='word_1_114' title='bbox 281 2469 457 2550; x_wconf 74' lang='lat' dir='ltr'><strong>Horatius,</strong></span> <span class='ocrx_word' id='word_1_115' title='bbox 488 2470 541 2535; x_wconf 90' lang='lat' dir='ltr'><strong>ubi</strong></span> <span class='ocrx_word' id='word_1_116' title='bbox 569 2470 596 2535; x_wconf 91' lang='lat' dir='ltr'><strong>is</strong></span> <span class='ocrx_word' id='word_1_117' title='bbox 616 2471 697 2536; x_wconf 91' lang='lat' dir='ltr'><strong>idem</strong></span> <span class='ocrx_word' id='word_1_118' title='bbox 723 2469 830 2554; x_wconf 70' lang='lat' dir='ltr'><strong>poetis</strong></span> <span class='ocrx_word' id='word_1_119' title='bbox 854 2472 1016 2557; x_wconf 83' lang='lat' dir='ltr'><strong>praecipit.</strong></span> <span class='ocrx_word' id='word_1_120' title='bbox 1035 2473 1068 2521; x_wconf 74' lang='lat'><strong>&lt;²³</strong></span> <span class='ocrx_word' id='word_1_121' title='bbox 1120 2473 1213 2544; x_wconf 74' lang='lat' dir='ltr'><strong>Vram</strong></span> <span class='ocrx_word' id='word_1_122' title='bbox 1316 2459 1317 2462; x_wconf 8' lang='grc' dir='ltr'><strong>Ἴ</strong></span> 
     </span>
     <span class='ocr_line' id='line_1_19' title="bbox 284 2586 1213 2673; baseline 0.008 -21"><span class='ocrx_word' id='word_1_123' title='bbox 284 2588 455 2672; x_wconf 88' lang='lat' dir='ltr'><strong>praeiverat</strong></span> <span class='ocrx_word' id='word_1_124' title='bbox 485 2586 632 2653; x_wconf 87' lang='lat' dir='ltr'><strong>omnibus</strong></span> <span class='ocrx_word' id='word_1_125' title='bbox 662 2588 776 2667; x_wconf 89' lang='lat' dir='ltr'><strong>Plato,</strong></span> <span class='ocrx_word' id='word_1_126' title='bbox 798 2607 896 2670; x_wconf 88' lang='lat' dir='ltr'><strong>quum</strong></span> <span class='ocrx_word' id='word_1_127' title='bbox 923 2605 1018 2673; x_wconf 90' lang='lat' dir='ltr'><strong>caput</strong></span> <span class='ocrx_word' id='word_1_128' title='bbox 1049 2607 1119 2659; x_wconf 83' lang='lat' dir='ltr'><strong>esse</strong></span> <span class='ocrx_word' id='word_1_129' title='bbox 1136 2591 1213 2659; x_wconf 75' lang='lat' dir='ltr'><strong>artic</strong></span> 
     </span>
    </p>

    <p class='ocr_par' dir='ltr' id='par_1_3' title="bbox 283 2704 1212 2793">
     <span class='ocr_line' id='line_1_20' title="bbox 283 2704 1212 2793; baseline 0.009 -23"><span class='ocrx_word' id='word_1_130' title='bbox 283 2705 416 2771; x_wconf 75' lang='lat' dir='ltr'><strong>dixisset</strong></span> <span class='ocrx_word' id='word_1_131' title='bbox 443 2704 537 2770; x_wconf 88' lang='lat' dir='ltr'><strong>animi</strong></span> <span class='ocrx_word' id='word_1_132' title='bbox 569 2704 694 2769; x_wconf 90' lang='lat' dir='ltr'><strong>humani</strong></span> <span class='ocrx_word' id='word_1_133' title='bbox 723 2704 946 2788; x_wconf 84' lang='lat' dir='ltr'><strong>cognitionem.</strong></span> <span class='ocrx_word' id='word_1_134' title='bbox 991 2705 1087 2793; x_wconf 88' lang='lat' dir='ltr'><strong>Quod</strong></span> <span class='ocrx_word' id='word_1_135' title='bbox 1109 2724 1212 2778; x_wconf 85' lang='lat' dir='ltr'><strong>auteur</strong></span> 
     </span>
    </p>

    <p class='ocr_par' dir='ltr' id='par_1_4' title="bbox 281 2800 1232 3021">
     <span class='ocr_line' id='line_1_21' title="bbox 284 2800 1232 2912; baseline 0 -29"><span class='ocrx_word' id='word_1_136' title='bbox 284 2817 316 2883; x_wconf 91' lang='lat' dir='ltr'><strong>in</strong></span> <span class='ocrx_word' id='word_1_137' title='bbox 344 2820 417 2903; x_wconf 90' lang='lat' dir='ltr'><strong>ipso</strong></span> <span class='ocrx_word' id='word_1_138' title='bbox 440 2834 564 2884; x_wconf 91' lang='lat' dir='ltr'><strong>oratore</strong></span> <span class='ocrx_word' id='word_1_139' title='bbox 588 2818 718 2899; x_wconf 89' lang='lat' dir='ltr'><strong>requirit</strong></span> <span class='ocrx_word' id='word_1_140' title='bbox 744 2819 859 2900; x_wconf 91' lang='lat' dir='ltr'><strong>Plato,</strong></span> <span class='ocrx_word' id='word_1_141' title='bbox 892 2835 927 2884; x_wconf 92' lang='lat' dir='ltr'><strong>ut</strong></span> <span class='ocrx_word' id='word_1_142' title='bbox 956 2825 1082 2907; x_wconf 67' lang='lat' dir='ltr'><strong>&lt;adm</strong></span> <span class='ocrx_word' id='word_1_143' title='bbox 1103 2800 1145 2890; x_wconf 72' lang='lat' dir='ltr'><strong>sir</strong></span> <span class='ocrx_word' id='word_1_144' title='bbox 1162 2834 1179 2912; x_wconf 61' lang='lat' dir='ltr'><strong>p</strong></span> <span class='ocrx_word' id='word_1_145' title='bbox 1197 2843 1232 2879; x_wconf 55' lang='lat'><strong>·‘</strong></span> 
     </span>
     <span class='ocr_line' id='line_1_22' title="bbox 281 2936 1211 3021; baseline 0.001 -15"><span class='ocrx_word' id='word_1_146' title='bbox 281 2943 416 3019; x_wconf 71' lang='lat' dir='ltr'><strong>copario,</strong></span> <span class='ocrx_word' id='word_1_147' title='bbox 437 2936 597 3017; x_wconf 90' lang='lat' dir='ltr'><strong>indolique</strong></span> <span class='ocrx_word' id='word_1_148' title='bbox 621 2937 767 3021; x_wconf 79' lang='lat' dir='ltr'><strong>adjungat</strong></span> <span class='ocrx_word' id='word_1_149' title='bbox 803 2955 874 3000; x_wconf 88' lang='lat' dir='ltr'><strong>curn</strong></span> <span class='ocrx_word' id='word_1_150' title='bbox 906 2942 1111 3019; x_wconf 63' lang='lat' dir='ltr'><strong>lassavit</strong></span> <span class='ocrx_word' id='word_1_151' title='bbox 1132 2938 1156 3005; x_wconf 87' lang='lat' dir='ltr'><strong>i.</strong></span> <span class='ocrx_word' id='word_1_152' title='bbox 1179 2959 1211 3007; x_wconf 86' lang='lat' dir='ltr'><strong>e.</strong></span> 
     </span>
    </p>

    <p class='ocr_par' dir='ltr' id='par_1_5' title="bbox 284 3051 1216 3252">
     <span class='ocr_line' id='line_1_23' title="bbox 284 3051 1216 3140; baseline 0.002 -25"><span class='ocrx_word' id='word_1_153' title='bbox 284 3065 320 3116; x_wconf 91' lang='lat' dir='ltr'><strong>ut</strong></span> <span class='ocrx_word' id='word_1_154' title='bbox 352 3051 421 3132; x_wconf 91' lang='lat' dir='ltr'><strong>ipse</strong></span> <span class='ocrx_word' id='word_1_155' title='bbox 452 3051 694 3134; x_wconf 85' lang='lat' dir='ltr'><strong>interpretatur,</strong></span> <span class='ocrx_word' id='word_1_156' title='bbox 721 3053 968 3140; x_wconf 80' lang='lat' dir='ltr'><strong>philosophiam,</strong></span> <span class='ocrx_word' id='word_1_157' title='bbox 1002 3067 1068 3117; x_wconf 92' lang='lat' dir='ltr'><strong>turn</strong></span> <span class='ocrx_word' id='word_1_158' title='bbox 1095 3073 1216 3136; x_wconf 62' lang='lat' dir='ltr'><strong>peae-</strong></span> 
     </span>
     <span class='ocr_line' id='line_1_24' title="bbox 284 3168 1205 3252; baseline 0.011 -24"><span class='ocrx_word' id='word_1_159' title='bbox 284 3170 382 3245; x_wconf 60' lang='grc' dir='ltr'><strong>τὴν,</strong></span> <span class='ocrx_word' id='word_1_160' title='bbox 403 3169 654 3231; x_wconf 78' lang='lat' dir='ltr'><strong>exercitationem</strong></span> <span class='ocrx_word' id='word_1_161' title='bbox 666 3168 749 3231; x_wconf 90' lang='lat' dir='ltr'><strong>:hoc</strong></span> <span class='ocrx_word' id='word_1_162' title='bbox 762 3172 865 3252; x_wconf 87' lang='lat' dir='ltr'><strong>ipsum</strong></span> <span class='ocrx_word' id='word_1_163' title='bbox 881 3169 957 3234; x_wconf 88' lang='lat' dir='ltr'><strong>illud</strong></span> <span class='ocrx_word' id='word_1_164' title='bbox 971 3183 1043 3251; x_wconf 86' lang='lat' dir='ltr'><strong>est,</strong></span> <span class='ocrx_word' id='word_1_165' title='bbox 1065 3171 1150 3251; x_wconf 90' lang='lat' dir='ltr'><strong>quod</strong></span> <span class='ocrx_word' id='word_1_166' title='bbox 1171 3171 1205 3239; x_wconf 89' lang='lat' dir='ltr'><strong>in</strong></span> 
     </span>
    </p>

    <p class='ocr_par' dir='ltr' id='par_1_6' title="bbox 269 3280 1216 3840">
     <span class='ocr_line' id='line_1_25' title="bbox 286 3280 1213 3369; baseline 0.012 -23"><span class='ocrx_word' id='word_1_167' title='bbox 286 3281 432 3369; x_wconf 87' lang='lat' dir='ltr'><strong>omnibus</strong></span> <span class='ocrx_word' id='word_1_168' title='bbox 445 3283 484 3347; x_wconf 87' lang='lat' dir='ltr'><strong>de</strong></span> <span class='ocrx_word' id='word_1_169' title='bbox 501 3280 682 3363; x_wconf 78' lang='lat' dir='ltr'><strong>eloquentia</strong></span> <span class='ocrx_word' id='word_1_170' title='bbox 695 3283 823 3367; x_wconf 89' lang='lat' dir='ltr'><strong>scriptis</strong></span> <span class='ocrx_word' id='word_1_171' title='bbox 844 3287 959 3353; x_wconf 90' lang='lat' dir='ltr'><strong>Cicero</strong></span> <span class='ocrx_word' id='word_1_172' title='bbox 974 3289 1213 3368; x_wconf 19' lang='lat' dir='ltr'><strong>summopstudio</strong></span> 
     </span>
     <span class='ocr_line' id='line_1_26' title="bbox 285 3397 1216 3488; baseline 0.011 -24"><span class='ocrx_word' id='word_1_173' title='bbox 285 3399 417 3484; x_wconf 90' lang='lat' dir='ltr'><strong>parique</strong></span> <span class='ocrx_word' id='word_1_174' title='bbox 434 3397 596 3485; x_wconf 77' lang='lat' dir='ltr'><strong>diligentia</strong></span> <span class='ocrx_word' id='word_1_175' title='bbox 607 3399 760 3482; x_wconf 83' lang='lat' dir='ltr'><strong>exponit:</strong></span> <span class='ocrx_word' id='word_1_176' title='bbox 787 3419 916 3483; x_wconf 89' lang='lat' dir='ltr'><strong>quoque</strong></span> <span class='ocrx_word' id='word_1_177' title='bbox 934 3405 1041 3485; x_wconf 85' lang='lat' dir='ltr'><strong>ipseet</strong></span> <span class='ocrx_word' id='word_1_178' title='bbox 1052 3407 1216 3488; x_wconf 85' lang='lat' dir='ltr'><strong>exploran-</strong></span> 
     </span>
     <span class='ocr_line' id='line_1_27' title="bbox 286 3515 1215 3599; baseline 0.006 -17"><span class='ocrx_word' id='word_1_179' title='bbox 286 3517 329 3582; x_wconf 87' lang='lat' dir='ltr'><strong>do</strong></span> <span class='ocrx_word' id='word_1_180' title='bbox 350 3532 383 3583; x_wconf 90' lang='lat' dir='ltr'><strong>et</strong></span> <span class='ocrx_word' id='word_1_181' title='bbox 403 3516 589 3599; x_wconf 88' lang='lat' dir='ltr'><strong>exponendo</strong></span> <span class='ocrx_word' id='word_1_182' title='bbox 610 3515 683 3581; x_wconf 90' lang='lat' dir='ltr'><strong>illuc</strong></span> <span class='ocrx_word' id='word_1_183' title='bbox 704 3516 883 3598; x_wconf 87' lang='lat' dir='ltr'><strong>processit,</strong></span> <span class='ocrx_word' id='word_1_184' title='bbox 906 3532 941 3581; x_wconf 92' lang='lat' dir='ltr'><strong>ut</strong></span> <span class='ocrx_word' id='word_1_185' title='bbox 963 3517 1093 3598; x_wconf 86' lang='lat' dir='ltr'><strong>perfecti</strong></span> <span class='ocrx_word' id='word_1_186' title='bbox 1113 3521 1215 3588; x_wconf 89' lang='lat' dir='ltr'><strong>omui·</strong></span> 
     </span>
     <span class='ocr_line' id='line_1_28' title="bbox 274 3632 1216 3716; baseline 0.013 -21"><span class='ocrx_word' id='word_1_187' title='bbox 274 3632 412 3716; x_wconf 79' lang='lat' dir='ltr'><strong>¹busque</strong></span> <span class='ocrx_word' id='word_1_188' title='bbox 423 3634 562 3700; x_wconf 88' lang='lat' dir='ltr'><strong>numeris</strong></span> <span class='ocrx_word' id='word_1_189' title='bbox 573 3633 708 3700; x_wconf 85' lang='lat' dir='ltr'><strong>absoluti</strong></span> <span class='ocrx_word' id='word_1_190' title='bbox 721 3632 856 3699; x_wconf 88' lang='lat' dir='ltr'><strong>oratoris</strong></span> <span class='ocrx_word' id='word_1_191' title='bbox 868 3634 1043 3716; x_wconf 84' lang='lat' dir='ltr'><strong>exemplum</strong></span> <span class='ocrx_word' id='word_1_192' title='bbox 1055 3638 1216 3707; x_wconf 85' lang='lat' dir='ltr'><strong>adumbra-</strong></span> 
     </span>
     <span class='ocr_line' id='line_1_29' title="bbox 269 3749 1215 3840; baseline 0.01 -27"><span class='ocrx_word' id='word_1_193' title='bbox 269 3763 347 3816; x_wconf 89' lang='lat' dir='ltr'><strong>.ret.</strong></span> <span class='ocrx_word' id='word_1_194' title='bbox 386 3750 470 3816; x_wconf 86' lang='lat' dir='ltr'><strong>Loci</strong></span> <span class='ocrx_word' id='word_1_195' title='bbox 490 3752 616 3818; x_wconf 90' lang='lat' dir='ltr'><strong>omnino</strong></span> <span class='ocrx_word' id='word_1_196' title='bbox 627 3749 804 3833; x_wconf 90' lang='lat' dir='ltr'><strong>Platonici,</strong></span> <span class='ocrx_word' id='word_1_197' title='bbox 826 3770 919 3833; x_wconf 88' lang='lat' dir='ltr'><strong>quem</strong></span> <span class='ocrx_word' id='word_1_198' title='bbox 940 3752 1034 3818; x_wconf 88' lang='lat' dir='ltr'><strong>modo</strong></span> <span class='ocrx_word' id='word_1_199' title='bbox 1059 3752 1215 3840; x_wconf 79' lang='lat' dir='ltr'><strong>legimus,</strong></span> 
     </span>
    </p>
   </div>
   <div class='ocr_carea' id='block_1_3' title="bbox 1147 3871 1328 3953">
    <p class='ocr_par' dir='ltr' id='par_1_7' title="bbox 1147 3871 1328 3953">
     <span class='ocr_line' id='line_1_30' title="bbox 1147 3871 1328 3953; baseline -0.033 -18"><span class='ocrx_word' id='word_1_200' title='bbox 1147 3888 1216 3953; x_wconf 86' lang='lat' dir='ltr'><strong>qut·</strong></span> <span class='ocrx_word' id='word_1_201' title='bbox 1323 3871 1328 3883; x_wconf 90' lang='grc'><em>“</em></span> 
     </span>
    </p>
   </div>
   <div class='ocr_carea' id='block_1_4' title="bbox 325 3998 1065 4174">
    <p class='ocr_par' dir='ltr' id='par_1_8' title="bbox 325 3998 1065 4174">
     <span class='ocr_line' id='line_1_31' title="bbox 325 3998 1065 4077; baseline -0.023 0"><span class='ocrx_word' id='word_1_202' title='bbox 325 4004 368 4077; x_wconf 83' lang='lat' dir='ltr'><strong>to</strong></span> <span class='ocrx_word' id='word_1_203' title='bbox 385 4001 580 4058; x_wconf 69' lang='lat' dir='ltr'><strong>arv-mo·</strong></span> <span class='ocrx_word' id='word_1_204' title='bbox 597 4001 638 4057; x_wconf 86' lang='lat'><strong>11·</strong></span> <span class='ocrx_word' id='word_1_205' title='bbox 655 4019 698 4061; x_wconf 62' lang='grc' dir='ltr'><strong>ι»</strong></span> <span class='ocrx_word' id='word_1_206' title='bbox 752 3998 869 4075; x_wconf 68' lang='grc' dir='ltr'><strong>ων..</strong></span> <span class='ocrx_word' id='word_1_207' title='bbox 888 4000 948 4060; x_wconf 70' lang='lat' dir='ltr'><strong>sc</strong></span> <span class='ocrx_word' id='word_1_208' title='bbox 1062 4054 1065 4060; x_wconf 83' lang='lat'><em>.</em></span> 
     </span>
     <span class='ocr_line' id='line_1_32' title="bbox 743 4101 779 4174; baseline -0.056 1"><span class='ocrx_word' id='word_1_209' title='bbox 743 4101 779 4174; x_wconf 84' lang='lat' dir='ltr'><strong>u</strong></span> 
     </span>
    </p>
   </div>
   <div class='ocr_carea' id='block_1_5' title="bbox 0 0 1500 5220">
    <p class='ocr_par' dir='ltr' id='par_1_9' title="bbox 0 0 1500 5220">
     <span class='ocr_line' id='line_1_33' title="bbox 0 0 1500 5220; baseline 0 0"><span class='ocrx_word' id='word_1_210' title='bbox 0 0 1500 5220; x_wconf 95' lang='lat' dir='ltr'><strong> </strong></span> 
     </span>
    </p>
   </div>
  </div>
 </body>
</html>
