2992 5220
805 472 980 538 ..,0..

420 622 648 709 ¹tineamorem,
669 639 704 690 ut
717 624 855 691 studium
868 643 970 704 rerum
991 627 1197 711 optimarum:
1220 630 1346 699 eandem

419 759 522 813 autem
543 759 708 832 parentent
735 743 867 809 vocabat
892 757 924 809 et
938 742 1123 829 genitricem
1146 745 1260 812 artium
1280 766 1347 813 om·
1401 747 1405 754 '

420 861 505 929 nium
531 862 721 929 laudatarum
751 874 783 926 et
811 861 1021 929 doctrinarum
1049 855 1093 928 (¹).
1152 862 1227 949 Quo
1257 865 1349 950 plane

418 978 615 1067 explicabat,
636 978 722 1060 quod
746 976 811 1046 illic
829 994 1033 1063 usurpaverat
1051 981 1090 1046 de
1109 998 1214 1047 earum
1235 1000 1349 1068 cogru-

413 1093 524 1176 'none
556 1097 707 1179 quodque
734 1108 822 1163 stans
846 1116 906 1182 pro
939 1096 1107 1182 tribunali,
1138 1097 1167 1163 si
1194 1097 1349 1184 explicare

302 1248 317 1277 0·
412 1210 571 1305 jttdicibus
602 1226 632 1277 et
655 1216 778 1299 populo
805 1214 1031 1311 sustinuisset,
1063 1212 1167 1280 surdis
1194 1230 1347 1282 narrasset

305 1325 313 1341 “
414 1327 563 1419 fabulam.
608 1330 679 1398 Nos
705 1331 869 1399 Ciceronis
890 1332 930 1396 de
953 1329 1157 1412 philosophia
1175 1330 1346 1396 sententias

327 1530 329 1534 Α
412 1445 505 1529 initio
526 1448 621 1533 hujus
651 1448 756 1528 operis
776 1446 936 1511 attulimus
960 1445 1015 1526 (¹),
1038 1463 1104 1527 quo
1134 1442 1231 1527 magis
1252 1443 1347 1510 nobis

413 1539 545 1657 inipso
575 1564 720 1647 ingressu
755 1575 875 1644 pateret
912 1559 1090 1629 Platonicae
1126 1560 1346 1644 philosophiae

393 1672 505 1767 patio·
555 1679 638 1745 Nam
660 1680 758 1743 multa
791 1678 845 1744 ille
875 1677 1029 1761 expressit
1059 1677 1232 1760 disertius,
1265 1695 1345 1762 quae

413 1795 518 1883 prinus
545 1794 713 1884 perspicue
739 1794 956 1862 enuntiaverat
981 1794 1083 1861 Plato.
1147 1792 1243 1860 Nunc
1267 1811 1344 1860 vero

411 1911 513 2005 ipsius
537 1913 676 1980 studium
706 1911 846 1981 Platonis
875 1911 1097 1982 Ciceronianus
1125 1912 1193 1979 illas
1220 1925 1347 1979 senten·

412 2031 472 2099 tias
506 2030 674 2116 explicabit
714 2029 913 2096 evidentius:
957 2031 1046 2111 quod
1073 2028 1345 2116 progredientibus

413 2149 506 2235 ¹nobis
534 2151 707 2233 deinceps,
730 2148 763 2214 in
788 2147 921 2233 primis,
951 2147 1006 2213 ubi
1030 2148 1068 2212 ad
1094 2146 1252 2230 politicam
1277 2146 1346 2211 Pla·

411 2265 496 2337 tonis
518 2267 775 2351 pervenerimus,
797 2264 965 2328 identidem
994 2261 1114 2342 patebit
1133 2259 1243 2342 magis.
1283 2258 1345 2326 Sed

411 2385 463 2461 hle
482 2403 541 2450 nos
564 2387 668 2450 eadem
690 2382 741 2446 illa
763 2377 928 2443 Ciceronis
958 2375 997 2440 de
1020 2375 1224 2461 philosophia
1250 2375 1342 2444 effata

411 2501 450 2567 ad
480 2496 638 2582 propriam
668 2494 806 2560 Platonis
837 2495 955 2559 ducunt
984 2509 1015 2560 et
1041 2494 1253 2580 singularem,
1295 2496 1344 2563 di·

411 2632 533 2701 versam
562 2627 646 2679 cette
676 2631 694 2677 a
724 2624 928 2696 posterorum
962 2611 1100 2694 studiis,
1141 2618 1345 2696 synnemm-

412 2733 505 2815 plau.
548 2727 625 2794 Non
651 2727 704 2794 ille
727 2728 832 2793 divisit
861 2729 1085 2810 distribuitque
1112 2743 1193 2797 artes
1216 2745 1247 2796 et
1267 2731 1342 2795 doc·
1427 2814 1430 2819 Ι

411 2845 533 2926 trinas,
576 2861 612 2912 ut
636 2844 735 2910 libros
762 2843 989 2910 distribuerunt
1017 2861 1150 2928 postea,
1193 2844 1342 2914 insuam

413 2982 555 3048 quasque
574 2965 729 3043 classem,
753 2980 818 3045 quo
837 2960 956 3026 scilicet
976 2961 1072 3045 magis
1093 2962 1126 3026 in
1149 2966 1232 3029 tanta
1251 2962 1344 3030 turba

411 3100 447 3153 tc
465 3082 665 3150 multitudine
691 3081 769 3147 ordo
797 3077 962 3146 exsisteret
983 3079 1121 3162 aliquis3
1144 3080 1200 3146 sed
1226 3081 1344 3150 habens

411 3216 463 3281 pas
491 3217 624 3277 omnes,
647 3212 802 3278 tamquam
822 3198 959 3280 ejusdcm
977 3198 1136 3282 parentis,
1158 3200 1252 3266 unius
1273 3201 1345 3294 phi·

413 3313 598 3396 losophiae,
641 3310 771 3392 foetus,
815 3334 895 3395 quae
925 3316 991 3399 ipsa
1020 3316 1121 3382 omnis
1152 3317 1342 3400 sapientiae,

410 3428 517 3499 omnis
538 3429 643 3494 cultus
666 3443 698 3494 et
718 3429 917 3498 humanitatis
947 3433 1085 3502 studium
1108 3445 1208 3499 estet
1234 3447 1340 3509 amor,

412 3562 451 3629 px
483 3545 544 3609 laoc
568 3564 673 3613 amore
701 3547 820 3613 homini
851 3550 982 3630 innato,
1016 3552 1077 3615 hoc
1105 3562 1227 3609 summo
1257 3547 1342 3630 prin·

412 3657 498 3745 pipio
517 3675 548 3727 et
570 3662 659 3730 fonte
688 3664 828 3732 omnium
855 3685 958 3731 rerum
982 3660 1342 3748 praestantissimarum,

410 3789 494 3865 mes
513 3795 622 3847 omnes
643 3778 793 3866 ingenuas
815 3794 847 3847 et
871 3778 1050 3860 doctrinas,
1079 3792 1236 3863 tamquam
1256 3783 1342 3849 rivu-

1271 3899 1342 3980 los,

450 4030 497 4113 tu
512 4027 624 4095 cres·
642 4029 722 4092 oar
739 4033 764 4089 1.
781 4035 810 4093 s.
913 4031 956 4104 tu
975 4029 1041 4093 vau
1059 4031 1083 4087 r.
1099 4050 1129 4103 p.
1145 4032 1191 4087 n.
