2992 5220
843 385 1034 449 ...114-

480 568 567 638 turn,
589 558 651 620 lroc
672 550 798 633 utrique
816 550 1081 617 accommodatum
1095 591 1117 630 ,-
1130 569 1220 617 urrant
1241 553 1416 633 amborum,

480 669 685 742 cummuniter
718 681 845 734 rectam.
866 664 1045 767 opinionem
1075 668 1167 748 parit.
1212 655 1405 757 Quae‘cnm

479 789 522 873 ita
540 788 626 869 sint,
648 788 756 853 adres
777 785 899 867 ignotas
915 782 1148 866 cognoscendas
1174 786 1323 871 exemplis
1346 787 1409 854 uti·

481 924 574 987 tour,
600 920 641 971 et
644 902 728 989 ipsis
754 900 923 984 exemplis,
950 918 1014 981 qno
1041 899 1156 996 rectius
1176 901 1417 995 intelligantur,
1442 884 1448 895 ⁸

480 1025 617 1106 exempla
639 1019 821 1089 adhibemus
846 1038 883 1084 ex
915 1015 1091 1127 minoribus
1115 1016 1205 1085 etiarn
1233 1017 1351 1102 rebus,
1374 1032 1411 1087 ut

480 1139 527 1207 sic
553 1127 715 1224 patefactis
745 1135 908 1217 rebus,‘'
891 1161 969 1219 oreo
990 1138 1056 1205 ἄντ’
1089 1140 1234 1219 ὀνείρατος
1252 1154 1313 1222 pro
1328 1154 1413 1209 sotu-

478 1253 536 1323 nt'o
567 1255 725 1320 veritatem
751 1269 992 1349 consequamur.
1015 1247 1047 1293 ‘¹'
1191 1248 1194 1254 ’

515 1373 610 1459 ¹llaec
635 1390 712 1438 sane
740 1371 904 1450 diligenter
930 1360 1127 1446 attendisse,
1158 1365 1185 1429 si
1210 1366 1340 1471 interius
1357 1389 1414 1435 ve·

480 1490 576 1563 limus
599 1485 785 1555 Socraticam
812 1479 993 1547 methodum
1022 1462 1219 1564 perspicere,
1242 1466 1307 1549 non
1328 1474 1415 1570 pige-

480 1605 543 1671 bit.
588 1600 651 1669 Sed
677 1611 764 1684 patet
790 1597 832 1663 ita
861 1595 978 1677 nobis,
1001 1599 1087 1678 quod
1113 1598 1244 1691 proprie
1273 1601 1346 1667 hinc
1369 1602 1419 1668 ef·

481 1718 648 1786 ficientium
665 1715 722 1782 rati
743 1735 877 1794 sumus,
899 1732 970 1780 cum
1002 1712 1150 1780 methodo
1173 1715 1227 1782 illa
1247 1720 1330 1801 apud
1348 1720 1418 1789 Pu.

483 1848 589 1905 tonent
610 1833 756 1917 analysin
781 1832 977 1915 conjunctam
1009 1807 1102 1916 esse,
1133 1834 1213 1898 hanc
1240 1851 1342 1902 autern
1375 1804 1421 1904 si-

482 1951 598 2018 militer
627 1967 682 2033 per
711 1952 852 2030 exempla
881 1949 1059 2031 procedere.
1104 1944 1188 2015 Sunt
1205 1932 1294 2018 vvero
1324 1954 1419 2045 nobis

484 2068 544 2143 alia
574 2066 664 2135 etiam
693 2081 724 2130 et
761 2084 852 2147 quam
892 2062 1026 2148 plurima
1053 2083 1091 2130 ert
1129 2065 1237 2137 iisdem
1269 2068 1420 2156 Hospitis

474 2186 520 2253 in
558 2185 704 2275 Sophiste
731 2183 953 2263 sermonibus,
983 2184 1023 2248 ad
1050 2183 1226 2250 Socraticae
1259 2185 1343 2253 illius
1359 2169 1422 2255 'in-

487 2303 645 2371 ductionis
678 2300 825 2369 neonem
855 2297 1103 2381 percipiendam,
1138 2300 1420 2375 animadvertenda.

486 2421 534 2490 Et
561 2420 696 2505 primum
726 2415 851 2500 quidem
881 2411 1063 2479 hilaritatem
1091 2417 1309 2507 attendamus,
1340 2439 1422 2500 quae

487 2537 574 2612 nulla
598 2516 740 2603 fere'est
760 2533 793 2598 in
822 2531 1028 2597 recentiorum
1057 2530 1323 2615 disputationibus
1357 2536 1423 2605 dia·

487 2649 629 2725 lecticis,
649 2651 706 2716 sed
734 2669 791 2735 per
812 2668 972 2716 sermones
1005 2649 1102 2717 hosce
1132 2650 1335 2750 aequabiliter
1356 2650 1424 2719 dif-

490 2758 562 2827 fusa
583 2771 644 2825 est.
687 2757 769 2825 Nam
801 2758 888 2840 quod
922 2756 954 2821 in
984 2755 1152 2821 Socraticis
1188 2757 1327 2823 Platonis
1360 2760 1429 2828 dia·

465 2874 574 2961 -logis
606 2889 827 2963 saepenumero
857 2868 1033 2950 cernimus,
1059 2869 1091 2933 in
1111 2867 1205 2937 rebus
1231 2890 1303 2938 enm
1332 2877 1426 2946 seriis

491 2994 567 3082 ioco
600 2990 732 3059 subinde
762 3002 793 3057 et
821 2983 941 3057 facetiis
972 2980 1045 3063 uti,
1068 3001 1148 3064 quae
1178 2986 1349 3055 exhilarant
1375 2993 1427 3058 in.

492 3126 541 3180 ter
558 3111 721 3193 legendum
748 3105 907 3201 animum,
936 3117 993 3177 nee
1016 3114 1117 3171 tamen
1142 3119 1299 3173 accurane
1322 3088 1428 3177 rerum

493 3221 709 3307 disquisitioni
738 3234 769 3284 ct
798 3215 995 3301 explicationi
1022 3212 1184 3313 officiunt,
1205 3222 1239 3288 id
1260 3223 1293 3290 in
1316 3225 1430 3312 primis

492 3341 529 3411 in
558 3339 615 3407 hac
643 3338 714 3403 toti
744 3337 782 3407 de
802 3335 957 3431 *Sophiste
973 3333 1212 3423 ¹disceptatione
1239 3341 1431 3411 animadver-

494 3471 561 3537 tere
580 3453 678 3550 licet,
708 3452 895 3537 Exemplum
917 3454 1112 3541 piscatoris,
1139 3455 1226 3536 quod
1243 3455 1283 3519 ad
1302 3457 1432 3540 sophis-

495 3574 587 3647 ticam
609 3587 711 3657 artem
743 3571 957 3658 explicandam
994 3556 1183 3650 adhibetur,
1206 3583 1242 3635 ut
1274 3569 1433 3643 inductio·

495 3693 531 3765 ni
557 3689 729 3774 convenit,
771 3689 814 3803 ita
840 3690 879 3759 ad
908 3674 1004 3757 artetn
1037 3679 1120 3753 illam
1151 3684 1353 3756 festivissima
1380 3711 1434 3761 ra·

1367 3793 1432 3875 tio·

468 3910 1073 4022 ‚mmmmmmaun
