2992 5220
632 421 835 488 ..ως-

272 585 324 663 nis
344 584 440 669 huius
466 596 593 652 nostroe
618 583 765 671 ingressu
786 584 828 653 de
854 583 1014 653 communi
1041 598 1207 672 egerem
1238 626 1240 633 >

272 700 505 787 disciplinarum
530 698 668 767 omnium
688 699 817 767 vinculo
839 714 872 768 et
888 698 1091 787 cognatione.
1118 701 1206 773 ine

273 817 370 893 verba
398 814 537 885 Socrntis
567 814 643 882 ilinc
673 831 759 885 nunc
791 830 926 885 mentem
948 802 1088 886 noctram
1114 835 1209 891 revo-

274 946 364 1014 cant3
396 930 454 1001 sed
485 929 589 999 minus
619 927 673 997 hic
704 929 906 1016 disciplinas,
950 931 1049 1018 megin
1074 933 1211 1021 philoso-

270 1052 394 1138 phum,
415 1047 471 1133 qui
493 1046 543 1117 hir
569 1061 655 1114 recte
677 1045 774 1117 fuerit
798 1047 984 1132 institutus,
1005 1048 1209 1119 attendimus.

277 1165 340 1237 Est
367 1179 470 1235 autern
505 1165 715 1255 praeclarum,
758 1180 795 1232 ut
824 1165 927 1234 dicere
956 1165 1104 1250 institui,
1146 1166 1210 1235 hoo

278 1282 417 1358 Platonis
438 1282 478 1350 de
496 1280 730 1366 disciplinarum
751 1285 872 1370 mide
899 1283 1060 1370 placitum.
1101 1283 1213 1352 Philo·

279 1399 417 1487 sophum
439 1417 510 1465 esse
529 1414 646 1484 negat,
669 1398 724 1481 qui
750 1399 806 1469 uni
822 1417 858 1469 se
875 1400 935 1469 arti
954 1402 1007 1468 vei
1027 1400 1211 1486 doctrinae,

279 1514 408 1585 caeteris
425 1513 617 1605 contemtis,
637 1524 742 1580 totum
757 1515 862 1583 tradit.
905 1518 1005 1589 Servo
1021 1520 1106 1589 hu'nc
1127 1537 1215 1589 corn·

282 1645 395 1721 perot,
429 1628 485 1717 qui
510 1645 601 1711 unc,
640 1626 693 1695 cui
723 1628 862 1710 serviet,
891 1632 1021 1701 domino
1045 1650 1216 1711 concentor

282 1761 332 1821 est
353 1746 399 1812 (¹).
451 1746 544 1813 iilum
577 1759 678 1827 veto,
718 1745 774 1828 qui
803 1759 835 1811 et
867 1747 1082 1815 universarum
1113 1768 1220 1825 rmore

283 1865 370 1937 ardet
395 1877 427 1930 et
451 1863 489 1941 ad
511 1861 651 1951 singular
677 1861 826 1951 deinceps
856 1861 950 1933 focile
974 1863 1093 1933 accedit
1118 1879 1152 1932 ct
1171 1884 1222 1947 sc·

214 2040 218 2049 .
286 1981 358 2057 tiari
383 1979 550 2049 tractandis
582 1979 646 2048 illis
675 1995 743 2047 non
778 1993 912 2065 potest,
941 1988 1069 2067 τοῦτον,
1100 1979 1250 2064 εἰη.

287 2104 353 2187 δίη
373 2103 510 2189 φήσομεν
538 2099 715 2189 φιλόσοφον·
744 2097 827 2165 hunc
855 2097 977 2166 demum
988 2101 1070 2180 jure
1091 2099 1224 2190 philoso-

283 2217 382 2311 phum
411 2214 545 2282 dicemus
566 2212 614 2280 (¹³.
660 2214 724 2283 sed
749 2215 891 2297 quemvis
924 2215 968 2283 ita
996 2217 1036 2284 de
1066 2217 1226 2285 universa·

291 2352 359 2401 rum
389 2332 496 2401 studio
530 2330 740 2402 doctrinarum
766 2332 987 2415 pronunciaret
1008 2334 1118 2415 Plato,
1141 2333 1225 2411 haud

291 2465 467 2520 toneneas
496 2448 547 2518 vel
578 2449 673 2521 simul
699 2448 897 2530 tractandas,
918 2450 970 2518 vel
999 2449 1038 2516 ab
1063 2450 1155 2516 initio
1174 2450 1223 2520 in·
1340 2512 1343 2519 .

291 2566 467 2659 §titutionis
501 2565 655 2634 continno
694 2565 886 2633 discentibus
919 2567 1122 2653 apponendas
1150 2586 1228 2636 con.-

294 2683 532 2769 spiciendnsque
560 2700 630 2751 csse
652 2681 825 2767 judicavit:
850 2695 886 2748 ut
912 2681 1032 2750 faciunt
1059 2683 1147 2767 fere,
1169 2685 1228 2770 qni

293 2802 333 2869 ab
353 2800 595 2886 encyclopaedit
624 2799 810 2867 ordiendum
844 2816 916 2866 esse
944 2815 1088 2870 censent,
1145 2801 1229 2875 Nam

296 2921 370 2986 haec
393 2933 442 2984 est
467 2916 577 3002 puerili
599 2929 700 2983 aetate
716 2914 834 3000 ingenii
860 2915 985 2982 hnmani
1007 2914 1172 3000 conditio,
1191 2931 1230 2985 ut

222 3060 227 3071 ·
297 3052 400 3105 rernm
427 3032 679 3101 addiscendnrunr
706 3032 868 3101 universas
888 3033 1060 3117 quasdam,
1082 3033 1139 3099 sed
1163 3052 1230 3103 non

298 3150 376 3221 satis
397 3148 559 3217 distinctas
591 3148 738 3215 notiones
767 3148 897 3217 habent:
942 3168 1019 3232 quas
1051 3149 1107 3232 qui
1133 3151 1232 3220 vela

299 3263 456 3359 principio
483 3264 534 3330 vel
561 3259 643 3330 inter
671 3262 847 3330 docendum
879 3263 1048 3333 identidem
1076 3267 1233 3353 explicat,

205 3418 210 3425 ·
302 3382 385 3449 haud
411 3378 529 3448 frustra
553 3397 629 3451 sane
655 3379 791 3449 excitare
816 3394 912 3463 atque
935 3383 1016 3448 alere
1041 3401 1235 3469 cognoscen-

301 3499 334 3571 di
363 3498 504 3564 ardorem
529 3495 620 3562 nisus
650 3495 757 3564 fuerit.
810 3497 1082 3582 Encyclopaediae
1109 3515 1236 3586 autern,

304 3634 385 3699 quae
406 3614 534 3701 proprie
559 3627 715 3697 vocetur,
755 3613 838 3680 haud
867 3633 964 3701 capax
993 3608 1234 3703 ingeniorum,

1181 3752 1237 3800 an·

295 3850 498 4060 „qisiicsm
513 3904 577 3955 sto-
593 3887 633 3953 n.
650 3885 699 3957 ci.
714 3885 813 3956 von
827 3888 929 3960 iord&
992 3888 1036 3963 (a)
1053 3889 1098 3953 Do
1112 3888 1182 3959 Roo-
1198 3887 1237 3948 ii.
