2992 5220
545 531 721 597 ann-37-

162 695 283 772 oculo,
315 705 381 757 tum
410 692 512 757 animo
533 691 695 777 percipere
719 694 876 761 nitamur:
900 708 1001 778 utque
1025 690 1101 783 pui'·

160 808 205 873 cri
230 826 332 889 amor,
359 810 455 873 semel
481 808 641 875 inanimo
667 829 841 892 accensus,
863 830 923 877 nos
947 813 1028 897 rapit
1044 813 1098 880 fu-·

159 942 230 990 rore
267 924 402 1007 quodam
436 938 467 990 et
507 925 721 992 enthusiasmo
746 927 784 992 ad
809 926 914 1011 ipsum
943 934 1097 1014 pulcrum*-

159 1042 254 1123 plene
280 1043 470 1125 penitusque
498 1043 777 1128 cognoscendum,
817 1044 858 1110 ita
894 1045 976 1111 haud
1009 1047 1097 1114 alius

159 1156 382 1223 existimandus
405 1157 638 1225 enthusiasmus
657 1175 732 1242 ¹est,
769 1179 835 1242 quo
855 1178 964 1228 verum
994 1179 1091 1246 appe·

159 1272 267 1338 timus.
1089 1292 1095 1301 ”

201 1388 283 1455 Sunt
310 1391 362 1456 illa
389 1390 528 1457 sublimia
555 1409 630 1458 sane
661 1393 897 1476 multorumque
925 1393 1091 1461 videantur

156 1519 282 1591 captum
315 1525 485 1591 superare3
521 1509 601 1589 sed,
646 1523 682 1573 ut
718 1509 877 1576 Platonica
915 1507 1002 1591 iere,
1048 1510 1091 1576 ita

156 1625 255 1705 haec,
289 1623 320 1690 in
351 1624 543 1690 sublimitate
570 1643 711 1706 summa,
740 1643 846 1722 parem
868 1625 983 1692 habent
1010 1625 1088 1691 sitn-

158 1739 346 1823 plicitatemc
370 1739 491 1823 quippe
516 1754 644 1808 naturae
672 1757 880 1807 consentanea
910 1741 1087 1823 humanae,

157 1859 249 1941 cujus
280 1856 341 1921 hoc
372 1857 533 1943 proprium
556 1871 630 1937 est,
663 1871 699 1922 ut
729 1858 838 1940 pulcra
869 1870 995 1942 appetat
1026 1857 1092 1941 prs

160 1988 267 2053 mum,
290 1985 357 2037 tum
379 1971 445 2038 veri
464 1972 594 2038 ducatur
615 1990 732 2038 autore.
776 1974 929 2040 Parvulos
944 1974 1088 2045 videmus

158 2089 310 2156 continuo
340 2103 488 2173 appetere
523 2091 630 2173 pulcra
662 2090 686 2154 i.
721 2108 751 2156 e.
786 2108 1001 2174 quaecumque
1040 2092 1090 2157 lu·

158 2219 252 2288 cent,
286 2206 474 2289 splendent,
512 2209 624 2272 oculos
651 2205 788 2273 afficiunt
813 2206 957 2277 maxime.
1018 2207 1097 2275 Nec>

156 2337 258 2390 tamen
288 2325 339 2390 itis
370 2324 545 2407 spectandis
574 2339 649 2389 suut
679 2323 846 2405 contenti,
889 2340 1013 2388 manum
1035 2341 1091 2389 ex·

159 2440 292 2505 tendunt
319 2440 510 2516 identidem,
543 2452 579 2500 ut
613 2456 647 2502 ea
686 2451 834 2521 tangant,
869 2448 1089 2520 contrectent,

157 2554 349 2636 corripiant:
384 2570 576 2636 cognoscere
610 2551 743 2635 cupiunt
767 2569 848 2634 quae
878 2551 1087 2619 admirantura

157 2672 224 2739 veri
247 2671 385 2737 studium
413 2689 485 2736 cum
510 2670 612 2752 pulcri
639 2668 840 2734 admiratione
863 2670 1088 2753 conjungunt3

158 2790 244 2873 quod
267 2788 304 2854 iis
328 2789 471 2871 pulcrum
499 2801 549 2853 est
574 2787 703 2866 visum,
730 2785 780 2865 id,
808 2785 884 2867 quid
905 2785 948 2850 sit
962 2799 994 2851 et
1014 2804 1091 2867 qua·

156 2911 209 2988 ie,
229 2905 312 2972 'scire
340 2918 446 2971 avent.
491 2901 644 2969 infantiae
678 2903 753 2968 haec
785 2917 818 2968 et
838 2903 992 2987 pueritiae
1009 2903 1089 2968 tatio

77 3068 79 3075 ι
140 3038 230 3091 esta
274 3022 441 3089 maturiore
469 3035 568 3087 aetate
605 3021 703 3088 homo
731 3021 824 3086 altius
854 3035 995 3106 spectata
1030 3039 1086 3088 ve·

156 3160 225 3217 rum
262 3158 347 3207 nunc
386 3139 513 3224 potiore
549 3140 653 3219 loco,
695 3156 787 3221 quam
824 3139 991 3221 pulcrum,
1032 3138 1088 3204 ha·

158 3258 237 3324 beta
270 3257 357 3339 quod
392 3260 489 3344 specie
525 3273 561 3321 se
585 3245 781 3320 commendat
820 3254 947 3338 pulcri,
979 3256 1087 3339 pueris

157 3374 336 3457 relinquit,
379 3373 449 3454 ipse
488 3377 618 3439 uerum
644 3370 677 3434 iu
710 3370 805 3435 rebus
844 3370 1018 3450 omnibus,
1056 3370 1090 3436 in
1123 3459 1125 3463 y
1238 3383 1241 3391 ’

132 3553 136 3560 .
158 3489 276 3575 pulcris
306 3489 407 3568 adeo,
430 3485 597 3551 admiratur
626 3485 729 3550 unice.
772 3483 1021 3567 Verumtamen,
1042 3485 1090 3552 ni·

156 3606 185 3673 si
221 3606 301 3672 idem
332 3623 350 3670 a
383 3621 484 3688 puero
522 3602 688 3668 admiratus
724 3604 833 3686 pulcra
863 3599 1000 3685 fuisset,
1030 3602 1093 3670 nisi

47 3709 55 3723 ’
158 3725 232 3790 haec
258 3723 291 3788 in
321 3720 423 3804 ipsius
446 3719 550 3786 animo
570 3719 775 3785 suscitassent
794 3719 1009 3804 aluissentque
1037 3741 1092 3790 ve·

159 3839 184 3903 ri
210 3857 369 3919 amorem,
401 3856 508 3903 verum
538 3837 737 3920 sicumare,
772 3838 817 3904 sic
848 3837 939 3906 unice
961 3839 1090 3925 diligete

160 3969 193 4019 et
219 3956 359 4023 admirari
389 3974 454 4022 non
485 3955 655 4040 coepisset.
711 3955 815 4022 Natus
842 3955 939 4025 homo
975 3971 1023 4025 est
1053 3956 1120 4023 ad'

163 4065 406 4153 inquirendum,
438 4073 715 4161 cognoscendum,
734 4073 896 4143 veritatem
924 4089 1094 4156 assequen-

743 4182 747 4188 ’
1000 4188 1090 4269 dam,
