2992 5220
637 462 689 489 -·-
712 436 772 516 ¹89
791 442 841 473 ⁶·

277 606 406 676 manaa
428 610 471 678 sit
493 613 695 698 Platonicae,
724 618 792 682 sive
819 613 967 684 cernendi
991 615 1208 700 iungendiqus

273 718 355 796 artis
369 747 447 797 ¹cunr
478 734 637 797 rhecoma
662 732 859 816 conjunctio.
914 732 995 798 Rem
1021 731 1104 796 enim
1119 733 1205 799 dein·-

278 863 354 930 teps
380 866 399 914 e
427 848 563 915 medicae
595 847 670 914 artis
703 849 932 930 comparatione
963 847 1106 929 explicat.
1167 848 1206 914 ln

280 968 439 1045 utrique,
471 963 537 1045 ait,
559 964 733 1030 discernere
758 978 898 1030 naturam
916 976 1070 1047 oportet,
1104 977 1209 1047 corpo·

281 1083 328 1147 ris
348 1080 381 1144 in
400 1093 466 1146 arte
497 1079 637 1160 medica,
658 1080 691 1145 in
716 1079 839 1146 dicendi
866 1099 969 1148 autern
998 1094 1064 1147 arte
1083 1080 1184 1146 ammi
1195 1115 1209 1159 -,

281 1194 311 1262 si
341 1196 467 1279 quidem
494 1216 559 1264 non
588 1216 651 1263 usu
679 1213 711 1265 et
738 1198 956 1281 experientia,
989 1199 1045 1264 sed
1065 1212 1131 1264 arte
1155 1215 1211 1263 ve·

279 1313 343 1395 lls,
372 1313 438 1393 illi,
466 1314 695 1382 medica-entis
722 1331 818 1398 atque
844 1315 997 1383 alimentis
1026 1316 1211 1398 praebendis

280 1430 442 1495 smltatem
470 1443 502 1495 et
528 1430 628 1494 robur
649 1430 780 1512 afferre;
804 1432 878 1495 huic
910 1446 1038 1514 autem,
1058 1430 1214 1498 sermoni·

280 1544 342 1613 bus
374 1565 409 1611 ac
437 1545 611 1629 praeceptis
637 1545 840 1627 adhibendis,
875 1565 1095 1632 quamcunque
1122 1547 1213 1615 iubet
1247 1626 1249 1631 ¹

281 1676 314 1728 et
342 1661 573 1746 persuasionem
605 1672 637 1724 et
663 1661 812 1725 virtutem
833 1663 964 1728 tradere.
995 1702 1040 1718 -
1068 1663 1115 1728 Ita
1142 1661 1213 1746 qui·

283 1779 353 1843 dem
382 1796 438 1860 par
469 1790 541 1858 est,
573 1794 593 1840 o
625 1775 782 1841 Socrates.
803 1813 848 1828 -
867 1775 973 1841 Animi
993 1791 1098 1840 autem
1122 1792 1217 1847 natu.

286 1914 350 1962 ram
378 1908 494 1978 putas,
515 1911 581 1958 non
612 1893 777 1976 explorati
809 1891 947 1958 universi
976 1892 1111 1970 naman,
1138 1910 1215 1976 cog-

286 2011 376 2079 nosci
392 2026 500 2094 ‘posse
522 2009 737 2075 sufficienter?
758 2043 805 2059 -
833 2007 867 2072 Si
892 2007 1079 2090 Hippocrati
1099 2005 1215 2072 haben·

286 2133 324 2198 da
345 2131 422 2197 fides
440 2142 512 2211 est,
534 2145 575 2192 ne
598 2128 742 2208 corporis
763 2123 888 2206 quidem
910 2138 1040 2204 natura,
1071 2122 1133 2189 nisi
1152 2123 1214 2190 hoc

286 2244 481 2327 disquirendi
509 2240 627 2319 modo,
649 2238 799 2324 cognosci
821 2252 937 2323 potest.
963 2234 994 2282 (¹)
1014 2276 1059 2290 ·-
1078 2238 1217 2304 Praecla-

285 2366 366 2432 clare
389 2361 534 2447 profecto
556 2358 630 2438 ille,
660 2356 820 2437 oanice,
846 2354 946 2438 dicit3
980 2356 1069 2421 decet
1085 2368 1216 2437 autem,

286 2495 408 2564 praeter
431 2480 680 2562 Hippocratem,
713 2473 863 2542 rationem
893 2472 1114 2553 considerare,
1136 2491 1214 2538 nunt

282 2597 461 2664 consentiat
490 2594 548 2660 illi.
566 2625 617 2646 ·-
636 2593 747 2659 Docet.
769 2626 816 2642 -
835 2590 932 2676 Quod
951 2589 1046 2672 igitur
1072 2604 1232 2671 naturam·

1170 2720 1217 2771 at·

322 2901 363 2969 (t)
383 2899 469 2952 Ducit
483 2888 552 2950 laste
571 2894 692 2950 Galenus
716 2909 749 2947 ax
766 2890 941 2967 Hippocratis
957 2893 991 2945 da
1008 2892 1117 2942 homins
1132 2906 1216 2960 opera

288 2980 324 3048 Τ.
344 2995 380 3047 V.
396 3016 425 3067 p·
442 3016 468 3050 a·
486 3003 514 3046 et
531 3000 572 3052 16·
589 2993 666 3049 'Sed
689 2999 719 3045 ut
743 2998 816 3043 recte
837 2988 1026 3041 animadvertit
1043 2985 1152 3049 aHeind.
1181 2987 1216 3037 ad

288 3086 523 3158 lr.1.,aatt1njua
544 3090 653 3158 quidem
681 3091 819 3164 praecepti
841 3104 963 3140 nomam
993 3084 1158 3156 compositos
1175 3091 1217 3137 est

288 3189 377 3252 liber,
389 3188 423 3240 tia
437 3187 555 3241 universi
569 3195 660 3239 'antem
674 3193 769 3242 nature
784 3207 839 3242 non
849 3188 934 3241 multa
951 3185 1081 3238 continet.
1102 3182 1217 3236 Ducen-

261 3308 265 3317 ·
290 3287 351 3339 darn
377 3285 502 3355 equidem
519 3284 639 3337 Platonis
664 3289 824 3355 sententiam
839 3288 922 3355 tnagis
938 3284 1058 3336 arbitror
1081 3300 1114 3335 ex
1134 3301 1215 3338 aureo

289 3385 507 3455 Hippocratis&
533 3392 618 3447 adra,
639 3385 721 3455 aquia
737 3393 767 3436 et
783 3385 854 3435 Iocis
870 3385 960 3448 libro,
980 3382 1028 3451 qni
1049 3383 1109 3451 ipso
1133 3383 1214 3439 titulo

288 3485 455 3540 Platonicam
470 3483 629 3538 nocentiam
650 3482 754 3545 refert,
774 3480 1046 3534 animadversionibus
1066 3490 1153 3535 autem
1181 3482 1216 3535 da

219 3560 224 3567 Ι
289 3604 380 3639 rernm
398 3594 493 3638 natura
516 3582 633 3637 mirifica
655 3581 729 3634 omni
756 3587 843 3632 aetate
858 3579 970 3632 medicis
996 3581 1110 3651 proluit.
1143 3581 1216 3635 Cas·

290 3691 378 3736 terum
398 3684 431 3735 de
450 3682 579 3737 methodo
606 3680 799 3753 Hippocratis,
825 3679 980 3734 Socraticae
1010 3689 1038 3734 et
1062 3681 1217 3739 Platonicae

290 3784 443 3853 simillimi,
461 3783 552 3837 bravia
563 3789 621 3848 ast,
640 3781 688 3835 aed
705 3782 784 3837 docta
797 3788 973 3850 accurataqna
989 3780 1217 3855 disquisitionem-

290 3883 415 3936 alitiaaimi
425 3881 523 3936 medici
540 3886 570 3936 0.
579 3886 673 3953 Pruys
688 3884 755 3937 Voss
764 3884 813 3940 aias
827 3885 950 3939 amaa.
961 3880 1051 3941 terat.
1064 3882 1218 3939 charron

287 3987 426 4059 Hippocr-
439 3982 528 4056 Rapsa
551 3982 630 4040 θοι
646 3980 722 4041 adai·
