2992 5220
808 471 1002 533 ..172-

443 629 701 724 subintrabit,
744 635 806 712 qui
841 631 1087 712 disputationem
1117 636 1156 702 dc
1192 637 1365 721 disciplinis

439 747 613 817 concludit.
664 745 799 818 Videtur.
834 750 927 830 iarn
960 754 1075 833 θριγκὸς
1105 765 1166 829 τοῖς
1192 761 1368 840 μαθήμασιν

440 869 660 949 Memmi
698 870 778 947 inii:
793 867 895 934 ἐπάνω
936 871 1051 936 aticiae
1082 871 1134 937 xci
1164 875 1257 940 οὐκέτ’
1286 878 1370 944 dini

439 987 546 1063 reiron
571 984 701 1066 μάθημα
728 985 861 1066 ἀνωτέρω
890 986 974 1066 ipius
1003 987 1043 1054 uu
1072 989 1272 1070 inretitam,
1290 996 1369 1060 dha*

437 1102 524 1186 inan
550 1103 621 1180 iin-
642 1104 728 1177 τέλως
757 1104 801 1171 τὸ
846 1107 905 1168 τῶν
937 1104 1133 1185 μαθημάτων.
1156 1100 1190 1152 <¹³
1243 1085 1370 1171 scilicet

436 1231 533 1300 caput
582 1215 760 1285 dialecticae
806 1217 1005 1298 Platonicae,
1040 1229 1086 1298 ut'
1115 1234 1181 1287 tota
1216 1239 1275 1305 nos
1311 1222 1370 1287 do,

437 1331 505 1408 cuit
531 1332 711 1417 ‚disputatio
749 1335 878 1414 haecce,
921 1356 1047 1400 cornere
1077 1351 1154 1405 estc
1201 1338 1287 1418 quod
1332 1338 1367 1406 iu

433 1450 529 1527 omiti
547 1449 704 1537 judicandi
746 1465 873 1515 munere
903 1465 1057 1515 summurn
1085 1451 1239 1516 hahetur:
1283 1455 1368 1522 unde

438 1568 473 1636 in
513 1567 630 1650 linguis
668 1560 824 1642 judicare
872 1561 977 1628 verbis
1018 1563 1238 1647 exprimitur,
1286 1588 1367 1649 quac

437 1703 462 1747 a·
485 1678 638 1747 cunerdo
682 1695 719 1743 ac
748 1677 916 1751 diuidendo
954 1680 1125 1746 ducuntur.
1189 1683 1273 1748 Hinc
1295 1684 1368 1750 Ου’,

435 1800 528 1880 tica,
579 1793 682 1882 gravis
731 1794 764 1860 in
803 1796 912 1878 primis
953 1817 1036 1878 ars,
1092 1817 1189 1880 quam
1232 1799 1367 1882 primum

432 1912 550 1982 Graeci
579 1929 655 1996 post
688 1913 848 1980 Platonem
888 1913 976 1980 libris
1012 1914 1229 1997 librorumque
1258 1919 1371 1983 lectio·

356 2086 359 2091 .
435 2028 531 2098 nibus
557 2028 732 2115 judicandis
763 2028 998 2111 adhibueruntj,
1035 2045 1148 2115 postea
1179 2034 1367 2102 recentiores

435 2147 516 2217 nulli
557 2165 622 2216 non
658 2144 816 2213 literarum
853 2146 1032 2230 artiumque
1075 2149 1204 2233 generi,
1240 2150 1369 2218 univer·

436 2255 483 2323 sis
524 2253 708 2341 doctrinis,
753 2253 818 2338 ipsi
859 2254 1081 2337 philosophiae
1115 2257 1364 2340 applicuerunt:

445 2372 532 2438 unde
563 2374 695 2438 criticae
729 2371 935 2460 philosophiae
968 2389 1094 2438 nomen.
1148 2373 1368 2460 Quamquam,

437 2489 469 2556 si
511 2495 594 2570 res,
637 2505 703 2553 non
743 2503 858 2555 nomen
892 2489 1024 2573 agitur,
1068 2488 1189 2572 antiqui
1226 2492 1288 2575 jam
1319 2509 1370 2558 re-

435 2605 629 2674 centioribus
673 2603 836 2671 universae
884 2605 1066 2691 hujusmodi
1102 2606 1229 2673 criticae
1266 2625 1370 2674 exem·

435 2722 525 2805 pium
556 2720 743 2804 inscriptis
776 2722 842 2788 suis
885 2722 1042 2789 dederant.
1098 2724 1143 2790 Et
1176 2742 1252 2789 vero
1289 2743 1371 2804 quae

432 2833 636 2920 philosophia
665 2847 739 2914 est,
781 2852 861 2914 quae
893 2853 943 2896 ars
981 2850 1034 2899 aut
1067 2837 1207 2900 doctrina
1244 2841 1367 2905 tractari

431 2967 521 3028 recte
546 2965 675 3037 potest,
719 2947 780 3014 nisi
808 2946 970 3032 judicare,
997 2946 1158 3031 iudicandi
1184 2969 1259 3033 ars,
1304 2953 1368 3021 nisi

434 3070 545 3141 critica
574 3069 722 3150 accedat,
756 3084 837 3148 quae
870 3064 1024 3129 cernendo
1052 3066 1213 3134 veritatem
1251 3069 1371 3152 patefg.

433 3166 526 3256 'ciart
547 3187 584 3252 Iu
605 3186 655 3250 his
684 3197 787 3250 autem
808 3180 955 3247 omnibus
981 3181 1172 3267 quicumque
1192 3188 1309 3272 iudicat
1335 3207 1368 3257 et

431 3298 700 3390 philosophatur,
733 3311 769 3361 ut
797 3297 921 3378 cernit,
955 3298 998 3364 ita
1029 3300 1161 3369 discreta
1188 3323 1205 3369 a
1234 3311 1366 3372 caeteris

432 3430 574 3502 separat,
605 3414 789 3499 signoque,
821 3429 857 3479 ut
877 3414 922 3480 ait
940 3415 1058 3498 Plato,
1079 3433 1193 3499 notat,
1215 3426 1367 3506 inappa-
1461 3439 1469 3451 ·

417 3513 419 3519 ⁵
431 3539 576 3623 yigmr,
600 3527 632 3573 ω
665 3550 729 3612 quo
763 3530 945 3617 diligentius
981 3552 999 3598 a
1029 3533 1182 3599 similibus
1214 3537 1363 3608 omnibus

432 3648 676 3735 distinguantur.
720 3647 757 3714 Id
778 3655 877 3736 sepire
896 3649 1010 3729 Cicero
1031 3663 1123 3715 vocat
1145 3668 1181 3715 ac
1209 3637 1366 3724 disseren-

431 3765 591 3838 ditrhuit
612 3765 772 3831 scientiae.
816 3763 924 3849 Atque
939 3766 1013 3830 haec
1031 3769 1157 3850 omnia,
1180 3768 1249 3854 ait,
1270 3780 1363 3859 quan·

1318 3911 1363 3956 ΙΙ·

463 4015 872 4094 (r)nallep.i11.ioi.l.
945 4016 987 4091 (a)
1007 4017 1117 4077 Polilic·
1136 4020 1196 4082 258·
1213 4018 1248 4082 C·
1328 4038 1330 4043 '
