2992 5220
766 505 961 584 ..15⁶-

401 679 499 763 igitur
523 680 627 744 locum
660 699 732 762 quas
758 683 856 768 legit,
889 685 967 768 quin
989 684 1114 767 videat,
1146 688 1222 770 quid
1254 685 1331 756 iilud

399 800 443 866 sit
471 800 558 881 quod
585 800 744 878 diximus,
773 799 936 866 dicendum
971 819 1035 868 non
1065 822 1135 869 esse
1165 820 1200 870 ut
1220 807 1333 872 scribi·

398 934 476 999 tur,
509 918 564 983 sed
590 917 787 982 scribendum
811 933 847 983 ut
875 918 964 1002 loqui
993 922 1154 1003 solemus,
1182 919 1330 991 fateatur·

400 1055 464 1118 que
491 1035 594 1115 idem,
618 1035 752 1115 hacarte
771 1041 892 1102 summa
908 1037 1093 1104 excelluisse
1105 1039 1245 1106 omnium
1265 1061 1329 1109 ma·

394 1155 479 1223 xime
502 1155 770 1236 Demosthenem,
792 1171 924 1236 eamque
936 1156 1059 1222 Platoni
1074 1157 1221 1226 debuisse
1236 1179 1330 1245 prae·

394 1273 516 1357 cipue?
1322 1342 1328 1351 ,

436 1390 526 1456 Hanc
551 1388 614 1455 vim
630 1391 742 1474 forma
770 1387 885 1473 dialogi
912 1388 1062 1455 Platonici
1089 1390 1121 1456 in
1152 1391 1323 1476 scriptores

392 1521 620 1589 oratoresque,
643 1506 675 1570 in
693 1495 862 1589 principem
879 1507 956 1571 adeo
973 1522 1132 1573 oratorum
1158 1511 1322 1592 omnium,

391 1622 524 1703 habuit;
557 1623 613 1688 sed
643 1623 740 1706 ipsam
777 1622 827 1686 lale
865 1627 934 1687 aare·
955 1625 1179 1711 philosophiam
1200 1642 1326 1710 specta·

390 1756 485 1816 mos,
529 1757 619 1818 quam
651 1738 738 1801 Plato
770 1733 871 1802 forma
901 1737 953 1802 illi
983 1738 1139 1821 maxime,
1182 1761 1243 1807 suo
1265 1744 1319 1809 illo

389 1832 516 1938 ipsique
541 1852 670 1937 proprio
710 1852 867 1920 scribendi
897 1873 1010 1940 genere
1039 1859 1207 1942 expressit.
1270 1862 1322 1928 ln-

388 1969 512 2038 finitum
543 1971 584 2036 sit
616 1972 850 2052 demonstrare,
892 1987 1042 2055 quantum
1072 1993 1110 2041 ex
1142 1976 1203 2042 hoc
1231 1975 1322 2046 fonte

387 2088 572 2169 hauserint,
603 2087 796 2171 quicumque
816 2102 891 2172 post
913 2109 983 2155 eum
1013 2090 1153 2176 dialogos
1184 2095 1321 2179 scripse«

343 2242 347 2249 ·
387 2222 473 2271 runt.
520 2206 582 2271 Sed
600 2206 651 2270 hlc
665 2206 759 2288 'Juvat
781 2204 914 2284 iterum,
937 2220 972 2271 ut
1001 2226 1063 2273 rem
1090 2227 1155 2274 uno
1172 2213 1316 2296 exemplo

387 2323 603 2401 declaremus,
640 2321 773 2388 Luciani
804 2340 971 2389 memorare
1007 2323 1148 2410 dialogos
1176 2341 1316 2395 mortuo·

384 2460 467 2508 rum.
533 2440 699 2507 Comicum
734 2440 786 2507 ille
821 2439 915 2506 simul
944 2446 1066 2523 poetam
1100 2456 1138 2508 et
1172 2443 1317 2528 philoso-

384 2559 480 2643 phum
511 2557 652 2625 Stoicum
673 2559 791 2643 egerit,
834 2573 865 2624 et
898 2558 1142 2644 Aristophanem
1166 2561 1313 2646 imitans,

382 2679 487 2763 ipsum
518 2679 703 2758 Socratem,
725 2677 863 2745 virorum
895 2678 1183 2762 sapientissimum,
1205 2698 1242 2748 ut
1263 2702 1317 2748 so·

380 2796 515 2880 phistam
548 2794 641 2860 nobis
669 2795 803 2876 aliquem
830 2794 1034 2879 proposuerit
1055 2794 1113 2876 (³),
1144 2795 1223 2861 illud
1255 2796 1316 2862 So·

378 2912 511 2981 creticae
539 2931 604 2977 non
632 2912 759 2993 minus,
790 2931 881 2994 quam
913 2911 1036 2978 Stoicae
1064 2911 1310 2999 philosophiae,

378 3029 561 3114 praesertim
581 3046 658 3093 vero
676 3028 844 3094 Platonicis
864 3028 995 3113 dialogis
1019 3030 1151 3114 debuit,
1173 3048 1209 3099 ut
1227 3052 1314 3101 mor·

379 3159 506 3210 tuorum
535 3145 617 3222 hos,
640 3161 721 3222 quos
742 3143 892 3223 serpsit,
914 3144 1054 3229 dialogos
1078 3161 1165 3210 tanto
1187 3167 1311 3231 semper

377 3260 485 3330 studio
510 3260 641 3346 legerint
665 3257 861 3342 philosophi.
905 3257 987 3326 Hine
1004 3260 1087 3327 enim
1106 3261 1139 3326 in
1159 3261 1222 3329 illis
1244 3284 1316 3350 gra·

375 3399 432 3449 ves
461 3380 531 3446 illae
561 3377 601 3443 de
632 3394 735 3442 rerum
770 3375 974 3443 humanarum
1010 3378 1147 3446 vanitate
1184 3390 1311 3451 senten·

375 3498 456 3565 tiae:
482 3512 549 3562 tum
582 3514 659 3562 vero
690 3495 837 3578 placitum
869 3496 995 3579 ipsum,
1019 3499 1106 3581 quod
1131 3501 1309 3568 dominatur

376 3615 522 3696 inillis,
553 3613 587 3680 in
612 3612 720 3680 inferis
747 3631 818 3680 esse
844 3614 1060 3699 aequalitatem
1087 3617 1225 3684 omnium
1250 3621 1309 3685 ho·

373 3733 516 3812 minum,
538 3730 634 3796 unius
662 3730 788 3798 virtutis
816 3731 965 3798 rationem
997 3732 1127 3817 haberi,
1160 3735 1232 3818 quis
1261 3751 1309 3801 est

374 3867 467 3935 quem
495 3850 610 3930 lateat,
632 3865 651 3914 e
678 3846 799 3933 Gorgia
829 3846 906 3914 illud
929 3849 1094 3932 Platonis,
1117 3870 1211 3934 quem
1238 3869 1307 3917 mo·

1230 3982 1234 3988 '
1264 3971 1306 4038 do

410 4140 450 4224 (a.)
470 4107 774 4193 clarummane.
792 4137 850 4198 xx
867 4144 896 4195 u
912 4128 1107 4215 nanu,
1125 4148 1153 4198 u
1168 4134 1234 4201 aaa:
1257 4136 1263 4151 “
1355 4222 1357 4227 ‚
