2992 5220
543 497 716 566 -„..

155 659 234 726 adeo
256 677 381 729 suarum
406 660 640 743 disciplinarum
667 662 753 729 initia
782 661 928 731 debuisse
954 669 1088 736 Alexan-

152 775 259 844 drinae
285 779 394 845 amatis
417 777 822 860 celeberrimiastronomi,
842 781 991 864 physici,
1013 806 1087 870 geo·

152 893 287 976 graphi3
330 894 420 960 Plato
456 909 532 958 vero
567 892 647 959 hanc
680 897 835 980 spectavit
875 892 1102 968 arithmeticae

33 1090 36 1095 Ι
152 1008 345 1089 utilitatem,
374 1027 437 1091 qua
466 1025 542 1074 sane
566 1009 667 1092 maior
690 1027 760 1078 esse
787 1012 907 1078 homini
936 1013 990 1078 vix
1021 1007 1101 1085 ull&

150 1139 283 1209 potest,
326 1140 362 1192 ut
388 1124 571 1192 dialecticae
591 1124 822 1208 applicaretur,
864 1128 954 1210 sive,
998 1129 1084 1210 quod

149 1242 232 1308 idem
267 1255 317 1308 est
345 1243 379 1308 in
414 1242 616 1323 antiquorum
650 1241 758 1325 lingui
796 1244 1100 1327 philosophorum,

148 1356 345 1425 discernendi
372 1355 604 1442 judicandique
634 1356 812 1424 facultatem
847 1358 970 1425 eliceret
998 1380 1086 1429 exer·

149 1488 428 1558 ceretque,atque
445 1474 488 1540 ita
509 1491 570 1538 suo
594 1471 650 1538 lini
668 1472 856 1541 inserviret:
880 1475 1000 1559 quippe
1016 1480 1084 1558 pal-

149 1596 254 1675 mua,
274 1596 410 1663 ἑλκτικὸν
433 1591 464 1660 lv
485 1592 665 1661 πιινιιὶπιισι
690 1595 761 1674 πρὸς
788 1594 902 1661 tiriae·
946 1593 981 1657 ld
1004 1611 1080 1659 vero

149 1706 274 1790 privum
295 1706 523 1789 propriumque
546 1702 609 1772 fuit
629 1707 776 1788 Platoni,
798 1725 862 1773 nee·
884 1707 923 1773 ab
943 1711 1098 1776 ullam-1

147 1836 181 1888 te
206 1840 280 1889 eum
311 1822 506 1905 philosopho
529 1836 738 1905 usurpatum,
770 1837 806 1888 ut
828 1825 898 1908 ipse
918 1840 967 1892 est
998 1824 1099 1913 inge·¹

149 1955 213 2005 nne
247 1937 434 2020 professus,
464 1957 547 2003 cum
580 1938 697 2003 diceret
732 1938 772 2003 de
807 1939 868 2004 hoc
902 1931 1080 2023 patipati:

148 2059 305 2126 κινδυνεύει
322 2063 380 2123 τῶν
403 2057 474 2136 πρὸς
494 2057 548 2130 ritu
568 2055 662 2131 νόησιν
687 2056 821 2132 ἀγόντων
850 2055 944 2137 φύσει
972 2054 1085 2125 citati

149 2175 306 2257 ζητοῦμεν
348 2172 528 2255 χρῆσθαι
565 2170 753 2244 troisli
787 2172 894 2249 αὐτῷ
935 2174 1078 2254 ipitius:

150 2306 217 2369 quo
247 2284 395 2352 barbaros
420 2303 486 2351 non
515 2297 636 2349 tantum
664 2283 866 2366 resperisse,
908 2287 964 2350 sed
991 2285 1081 2368 ipsos

145 2404 241 2472 etiam
257 2404 473 2487 Pythagoreos
502 2401 640 2466 videtur.
683 2401 728 2466 Et
750 2400 795 2466 sic
821 2401 945 2481 quidem
971 2422 1082 2486 perve-

145 2522 250 2587 nimus
272 2520 421 2599 tandcm‚
454 2536 519 2600 quo
549 2518 666 2583 dudum
699 2517 917 2600 perreximus,
951 2532 987 2583 ut
1016 2538 1082 2586 me·

147 2636 309 2705 morabilis
331 2637 426 2720 hujus
453 2633 626 2701 sententiae
654 2635 717 2698 vim
745 2649 776 2698 et
798 2634 969 2699 ubertatem
996 2653 1082 2701 usse-

146 2773 325 2841 queremur.
391 2753 499 2837 Ipsum
526 2752 588 2837 jum
620 2749 781 2817 audiamus
809 2750 967 2817 Socratem
1005 2753 1080 2818 haee

144 2872 308 2957 simplice,
341 2869 397 2936 sed
428 2873 593 2948 accurata,
624 2868 681 2933 sed
703 2867 853 2935 interiore
879 2869 1000 2934 ratione
1026 2888 1105 2941 ex·.

26 3007 28 3011 ⁴
144 3004 327 3074 ponentem.
372 2986 547 3066 conabor,
569 2985 697 3068 inquit,
720 2985 750 3048 id
783 2986 869 3065 quod
896 2985 973 3049 mihi
994 2986 1082 3051 vide·

145 3119 200 3171 tur
227 3104 392 3169 declarare.
445 3103 537 3190 Quae
562 3103 645 3168 enim
682 3101 752 3183 ipse
780 3118 902 3164 mecum
936 3100 1080 3181 reputavi

145 3219 302 3306 ejusmodi
329 3215 425 3297 esse,
461 3234 497 3284 ut
525 3233 660 3284 mentem
687 3218 727 3283 ad
758 3233 860 3282 rerum
895 3219 996 3288 tiriae
1026 3215 1081 3280 td·

146 3338 285 3417 ducant,
315 3348 459 3415 quaeque
483 3350 550 3398 non
579 3352 651 3401 esse
684 3332 866 3418 hujusmodi
907 3332 1079 3414 videntur,

144 3456 219 3522 haec
239 3465 275 3519 tu
293 3467 415 3518 mecum
443 3460 589 3530 spectans
614 3449 714 3532 proba
739 3451 791 3514 vel
809 3466 910 3532 nega,
932 3466 1001 3530 quo
1018 3449 1080 3517 cla·

144 3572 212 3639 rius
232 3571 479 3656 dignoscamus,
500 3581 575 3629 num
597 3562 640 3628 sit
671 3562 731 3628 hoc
762 3562 848 3642 tale,
863 3587 864 3591 ¹
879 3565 971 3643 quale
999 3565 1081 3631 vati.

143 3688 246 3755 cinor.
268 3683 387 3751 -Tu
406 3701 484 3749 vero
504 3679 649 3747 ostende.
670 3712 718 3733 ·-
738 3677 882 3744 Ostendo
908 3680 1076 3764 equidem

142 3804 272 3872 videsne
299 3819 374 3881 res,
416 3817 497 3884 quae
524 3799 671 3864 sensibus
696 3810 824 3879 patent,
867 3799 978 3880 partim
1012 3819 1078 3867 non

142 3937 275 3989 wocare
326 3929 460 3983 mentem
504 3917 543 3983 ad
581 3915 718 3999 ipsarum
770 3914 1076 3997 considerationem,

143 4037 266 4124 quippe
288 4035 360 4122 ipso
390 4050 487 4131 sensu
514 4033 589 4118 satis
617 4047 804 4118 perceptas:
830 4034 944 4118 partim
975 4032 1078 4097 omnl-

1032 4165 1074 4214 no
