2992 5220
489 507 686 578 ...ης-ι

88 675 90 679 ’
126 681 204 748 aiios
231 681 343 746 doecre
370 695 476 745 verum
497 691 618 762 potest.
640 678 696 731 ——‘
707 675 800 742 Haud
819 692 892 744 sane
913 691 961 745 est
980 694 1057 745 con·

125 812 318 865 senteneum.
339 823 407 849 ¹-
448 796 570 862 Hortos
610 793 736 877 quidem
767 793 947 874 literarum,
990 793 1057 861 iudi

126 933 260 993 caussa,
283 931 319 979 ut
343 915 490 994 videtur,
513 927 595 978 seret
625 927 719 993 atque
739 911 876 994 scribet3
899 914 955 979 sed
976 915 1059 979 mul·

127 1043 162 1094 to
190 1029 222 1096 in
256 1029 305 1094 iris
328 1035 396 1096 mea
418 1029 572 1096 sententia
604 1031 786 1112 praeclarius
815 1045 864 1103 est
894 1030 1056 1112 studium,

126 1146 181 1213 obi
207 1147 280 1229 quis
310 1159 376 1212 arte
404 1145 563 1212 dialectica
592 1161 705 1226 utens,
747 1145 906 1231 ingenium
945 1162 1056 1215 nactus

128 1262 299 1343 idoneum,
321 1281 480 1337 sermones
508 1280 578 1328 cum
604 1262 732 1328 scientia
758 1265 878 1347 plantat
903 1278 935 1328 et
962 1263 1056 1329 semi·

128 1395 203 1462 nat,
229 1387 254 1451 oi
275 1386 389 1456 ἑαυτοῖς
415 1385 456 1466 τῷ
485 1408 520 1450 τε
546 1385 732 1466 <betericum
763 1384 878 1463 βοηθεῖν
897 1384 996 1457 ,ἱκανοί
1017 1407 1053 1450 τε

127 1503 178 1567 καὶ
204 1504 273 1580 οὐχι
306 1499 455 1579 ἄκαρποι,
496 1501 584 1568 ἀλλὰ
614 1499 736 1581 ἔχοντες
769 1501 907 1580 σπέρμα,
939 1499 995 1582 qui
1024 1511 1056 1562 et
1169 1499 1171 1507 '

126 1611 277 1699 sibiipsis
303 1625 333 1675 et
359 1613 460 1676 satori
486 1631 539 1676 suo
565 1607 684 1694 afferre
708 1628 790 1698 opem
816 1627 969 1699 possunt,
999 1632 1056 1677 nec

118 1725 283 1811 fructibus
308 1725 451 1791 destituti
471 1740 543 1791 sunt
572 1739 602 1790 et
623 1729 745 1791 semina·
770 1725 917 1793 reddunt.
965 1730 1056 1798 ‘oiri

127 1844 216 1912 sirmi
244 1846 274 1909 ἓν
304 1847 407 1916 cinaris
438 1844 517 1918 iidem
548 1844 687 1923 Φαὸμενοι
718 1849 800 1911 τοῦτ’
827 1847 875 1913 riri
909 1845 1057 1915 edivam

129 1961 273 2042 παρέχειν
295 1958 398 2027 isarei.
439 1953 529 2019 Unde
546 1957 580 2018 in
595 1955 667 2020 aliis
684 1959 817 2041 ingeniis
840 1959 900 2021 alii
920 1979 1057 2025 crescen-

127 2085 172 2137 m
200 2071 238 2135 id
258 2090 328 2134 cnm
355 2089 474 2135 summa
498 2071 656 2138 varietate
686 2073 722 2134 in
749 2083 931 2157 perpetuum
959 2089 1057 2160 proc·

127 2201 238 2266 stant,
260 2201 356 2268 atque
382 2203 453 2251 eum
482 2185 538 2268 qui
570 2183 644 2250 haec
670 2184 786 2267 habet,
816 2184 1054 2272 beatissimum,

127 2303 233 2386 quoad
259 2301 377 2368 homini
400 2301 497 2383 licet,
519 2301 668 2368 efficiunt.

130 2460 133 2467 -
167 2398 224 2485 'Sic
265 2420 423 2484 Socratem
457 2418 603 2483 inducere
634 2418 674 2484 de
711 2437 835 2484 summo
871 2419 1056 2503 philosophi

128 2553 256 2603 munere
297 2534 499 2600 disserentem
539 2551 717 2620 germanum
759 2537 826 2621 ejus
867 2535 1056 2620 discipulum

127 2652 276 2731 decebat,
299 2651 353 2734 qui
377 2650 531 2743 quidquid
553 2650 720 2718 identidem
742 2653 782 2718 ab
799 2652 868 2720 aliis
892 2653 1054 2737 suscepit,

127 2771 166 2837 sd
194 2769 333 2856 magistri
356 2770 387 2836 id
410 2768 592 2836 sententiam
610 2770 866 2838 accommodavit.
909 2771 1053 2853 Dubito,

128 2888 267 2973 magisne
297 2906 336 2954 ex
367 2887 417 2953 his
444 2887 550 2954 verbis
578 2887 736 2955 Socratica
762 2887 985 2973 philosophis,
1014 2907 1054 2956 an

125 3004 266 3072 Platonis
299 3005 340 3072 de
370 3004 525 3072 scribendi
554 3019 621 3073 crte
650 3004 802 3073 sententia
829 3005 968 3072 docende
999 3022 1056 3071 es·

125 3122 331 3209 plicandtque
358 3122 420 3190 sit:
464 3123 543 3190 iliud
569 3141 635 3190 non
665 3123 818 3204 dubium,
860 3121 961 3205 quin,
1003 3121 1055 3188 his

124 3240 251 3323 iestis,
306 3242 383 3321 quid
424 3243 464 3306 de
501 3239 683 3323 scriptionis
720 3240 804 3322 apud
853 3221 946 3306 eum
970 3238 1055 3304 vitu·

130 3356 246 3439 perm,
289 3356 366 3437 quid
405 3355 444 3419 de
481 3354 575 3419 effato
614 3352 701 3431 ilio,
744 3351 832 3431 quod
870 3352 899 3416 ei
942 3351 1055 3416 tribui·

128 3486 204 3553 tur,
254 3469 414 3550 absurdo,
457 3480 494 3532 ut
532 3466 678 3547 videtur,
722 3482 759 3531 se
793 3463 871 3529 nihil
909 3462 1053 3549 scripsis-

128 3610 186 3672 se,
218 3605 299 3672 quoe
329 3603 404 3652 vero
435 3583 536 3667 ipsios
567 3582 694 3649 nomine
716 3581 903 3663 ferrentur,
944 3581 1057 3650 Socra·
1148 3576 1155 3593 '

128 3707 170 3775 tis
193 3724 285 3787 esse,
317 3701 555 3772 existimandum
583 3699 642 3783 sit,
672 3713 776 3784 patent
793 3701 855 3784 jam
887 3698 981 3767 nobis
1005 3697 1055 3767 'fs-

124 3824 253 3891 cillime.

171 3941 248 4005 Erat
269 3941 331 4006 hoc
359 3938 481 4006 Socrati
509 3939 695 4024 proprium,
737 3948 774 4002 ut
801 3933 856 4002 vix
884 3935 1053 4018 quidquam

124 4051 192 4122 cibi
211 4051 432 4138 perficiendum
450 4056 648 4142 susciperet,
667 4051 829 4142 perficeret
853 4067 956 4121 tutem
984 4072 1053 4135 gn.-

138 4190 142 4199 ·
989 4167 1054 4232 vis·
