<?xml version="1.0" encoding="UTF-8"?>
<!DOCTYPE html PUBLIC "-//W3C//DTD XHTML 1.0 Transitional//EN"
    "http://www.w3.org/TR/xhtml1/DTD/xhtml1-transitional.dtd">
<html xmlns="http://www.w3.org/1999/xhtml" xml:lang="en" lang="en">
 <head>
  <title>
</title>
<meta http-equiv="Content-Type" content="text/html;charset=utf-8" />
  <meta name='ocr-system' content='tesseract 3.04.00' />
  <meta name='ocr-capabilities' content='ocr_page ocr_carea ocr_par ocr_line ocrx_word'/>
</head>
<body>
  <div class='ocr_page' id='page_1' title='image "./initiaphilosoph01heusgoog_0285.png"; bbox 0 0 2992 5220; ppageno 0'>
   <div class='ocr_carea' id='block_1_1' title="bbox 650 468 830 539">
    <p class='ocr_par' dir='ltr' id='par_1_1' title="bbox 650 468 830 539">
     <span class='ocr_line' id='line_1_1' title="bbox 650 468 830 539; baseline 0.017 -14"><span class='ocrx_word' id='word_1_1' title='bbox 650 488 705 525; x_wconf 53' lang='lat' dir='ltr'><strong>*a</strong></span> <span class='ocrx_word' id='word_1_2' title='bbox 716 468 763 539; x_wconf 66' lang='lat' dir='ltr'><strong>&#39;8&#39;ss</strong></span> <span class='ocrx_word' id='word_1_3' title='bbox 785 487 830 528; x_wconf 67' lang='grc' dir='ltr'><strong>..ι</strong></span> 
     </span>
    </p>
   </div>
   <div class='ocr_carea' id='block_1_2' title="bbox 234 633 1224 1319">
    <p class='ocr_par' dir='ltr' id='par_1_2' title="bbox 234 633 1224 1319">
     <span class='ocr_line' id='line_1_2' title="bbox 275 633 1212 742; baseline -0.003 -13"><span class='ocrx_word' id='word_1_4' title='bbox 275 637 421 729; x_wconf 72' lang='lat' dir='ltr'><strong>&#39;nomina</strong></span> <span class='ocrx_word' id='word_1_5' title='bbox 441 664 493 704; x_wconf 81' lang='grc'><strong>-’</strong></span> <span class='ocrx_word' id='word_1_6' title='bbox 510 633 665 740; x_wconf 80' lang='lat' dir='ltr'><strong>Equidem</strong></span> <span class='ocrx_word' id='word_1_7' title='bbox 695 637 868 724; x_wconf 81' lang='lat' dir='ltr'><strong>Homerum</strong></span> <span class='ocrx_word' id='word_1_8' title='bbox 891 655 923 722; x_wconf 90' lang='lat' dir='ltr'><strong>in</strong></span> <span class='ocrx_word' id='word_1_9' title='bbox 949 661 1120 742; x_wconf 74' lang='lat' dir='ltr'><strong>pangendis</strong></span> <span class='ocrx_word' id='word_1_10' title='bbox 1146 659 1212 727; x_wconf 57' lang='lat' dir='ltr'><strong>cari</strong></span> 
     </span>
     <span class='ocr_line' id='line_1_3' title="bbox 248 751 1212 860; baseline 0 -20"><span class='ocrx_word' id='word_1_11' title='bbox 248 775 418 841; x_wconf 69' lang='lat' dir='ltr'><strong>mantuus</strong></span> <span class='ocrx_word' id='word_1_12' title='bbox 435 751 738 855; x_wconf 60' lang='lat' dir='ltr'><strong>&#39;eprcrs&#39;faamiraas</strong></span> <span class='ocrx_word' id='word_1_13' title='bbox 765 791 835 838; x_wconf 77' lang='lat' dir='ltr'><strong>sum</strong></span> <span class='ocrx_word' id='word_1_14' title='bbox 850 770 1020 856; x_wconf 67' lang='lat' dir='ltr'><strong>marae,</strong></span> <span class='ocrx_word' id='word_1_15' title='bbox 1050 777 1083 842; x_wconf 77' lang='lat' dir='ltr'><strong>an</strong></span> <span class='ocrx_word' id='word_1_16' title='bbox 1106 776 1212 860; x_wconf 72' lang='lat' dir='ltr'><strong>army·-</strong></span> 
     </span>
     <span class='ocr_line' id='line_1_4' title="bbox 280 869 1212 976; baseline 0.003 -20"><span class='ocrx_word' id='word_1_17' title='bbox 280 873 390 956; x_wconf 76' lang='lat' dir='ltr'><strong>‘ralmbb</strong></span> <span class='ocrx_word' id='word_1_18' title='bbox 412 869 687 972; x_wconf 81' lang='lat' dir='ltr'><strong>Melanippidem,</strong></span> <span class='ocrx_word' id='word_1_19' title='bbox 710 889 743 954; x_wconf 88' lang='lat' dir='ltr'><strong>ilr</strong></span> <span class='ocrx_word' id='word_1_20' title='bbox 766 890 922 974; x_wconf 85' lang='lat' dir='ltr'>tragoedia</span> <span class='ocrx_word' id='word_1_21' title='bbox 953 892 1156 976; x_wconf 85' lang='lat' dir='ltr'><strong>Sochoclem,</strong></span> <span class='ocrx_word' id='word_1_22' title='bbox 1179 893 1212 959; x_wconf 93' lang='lat' dir='ltr'><strong>in</strong></span> 
     </span>
     <span class='ocr_line' id='line_1_5' title="bbox 278 988 1214 1089; baseline 0.001 -16"><span class='ocrx_word' id='word_1_23' title='bbox 278 1006 427 1073; x_wconf 79' lang='lat' dir='ltr'><strong>statuaria</strong></span> <span class='ocrx_word' id='word_1_24' title='bbox 445 1002 1035 1089; x_wconf 75' lang='lat' dir='ltr'><strong>Polycletum,&#39;inpietum&#39;Zeuxim&#39;</strong></span> <span class='ocrx_word' id='word_1_25' title='bbox 1066 1007 1130 1076; x_wconf 89' lang='lat' dir='ltr'><strong>ch</strong></span> <span class='ocrx_word' id='word_1_26' title='bbox 1154 988 1214 1076; x_wconf 86' lang='lat' dir='ltr'><strong>So-</strong></span> 
     </span>
     <span class='ocr_line' id='line_1_6' title="bbox 234 1104 1224 1211; baseline 0.005 -23"><span class='ocrx_word' id='word_1_27' title='bbox 234 1170 237 1175; x_wconf 79' lang='lat'>·</span> <span class='ocrx_word' id='word_1_28' title='bbox 277 1115 416 1203; x_wconf 62' lang='lat' dir='ltr'><strong>orares,¹</strong></span> <span class='ocrx_word' id='word_1_29' title='bbox 434 1119 612 1187; x_wconf 86' lang='lat' dir='ltr'><strong>utri-vero</strong></span> <span class='ocrx_word' id='word_1_30' title='bbox 643 1104 791 1189; x_wconf 84' lang='lat' dir='ltr'><strong>videntur</strong></span> <span class='ocrx_word' id='word_1_31' title='bbox 820 1122 900 1205; x_wconf 91' lang='lat' dir='ltr'><strong>tibi,</strong></span> <span class='ocrx_word' id='word_1_32' title='bbox 941 1125 1067 1208; x_wconf 90' lang='lat' dir='ltr'><strong>inquit,</strong></span> <span class='ocrx_word' id='word_1_33' title='bbox 1100 1108 1224 1211; x_wconf 32' lang='lat' dir='ltr'><strong>majore·</strong></span> 
     </span>
     <span class='ocr_line' id='line_1_7' title="bbox 279 1235 1218 1319; baseline 0.002 -18"><span class='ocrx_word' id='word_1_34' title='bbox 279 1235 369 1318; x_wconf 83' lang='lat' dir='ltr'><strong>digni</strong></span> <span class='ocrx_word' id='word_1_35' title='bbox 397 1252 471 1301; x_wconf 83' lang='lat' dir='ltr'><strong>esse</strong></span> <span class='ocrx_word' id='word_1_36' title='bbox 496 1235 797 1319; x_wconf 81' lang='lat' dir='ltr'><strong>admiratione,qui</strong></span> <span class='ocrx_word' id='word_1_37' title='bbox 821 1237 984 1302; x_wconf 88' lang='lat' dir='ltr'><strong>simulacra</strong></span> <span class='ocrx_word' id='word_1_38' title='bbox 1011 1240 1123 1304; x_wconf 89' lang='lat' dir='ltr'><strong>mentis</strong></span> <span class='ocrx_word' id='word_1_39' title='bbox 1149 1259 1218 1303; x_wconf 90' lang='lat' dir='ltr'><strong>mo·</strong></span> 
     </span>
    </p>
   </div>
   <div class='ocr_carea' id='block_1_3' title="bbox 173 1352 1216 1436">
    <p class='ocr_par' dir='ltr' id='par_1_3' title="bbox 173 1352 1216 1436">
     <span class='ocr_line' id='line_1_8' title="bbox 173 1352 1216 1436; baseline 0.004 -24"><span class='ocrx_word' id='word_1_40' title='bbox 173 1403 177 1412; x_wconf 95' lang='lat'>.</span> <span class='ocrx_word' id='word_1_41' title='bbox 279 1362 401 1434; x_wconf 65' lang='lat' dir='ltr'><strong>iusque</strong></span> <span class='ocrx_word' id='word_1_42' title='bbox 413 1357 419 1395; x_wconf 85' lang='lat'><strong>·&#39;</strong></span> <span class='ocrx_word' id='word_1_43' title='bbox 429 1352 567 1436; x_wconf 67' lang='lat' dir='ltr'><strong>expertia</strong></span> <span class='ocrx_word' id='word_1_44' title='bbox 585 1352 776 1434; x_wconf 84' lang='lat' dir='ltr'><strong>perficiunt,</strong></span> <span class='ocrx_word' id='word_1_45' title='bbox 809 1370 848 1414; x_wconf 84' lang='lat' dir='ltr'><strong>an</strong></span> <span class='ocrx_word' id='word_1_46' title='bbox 873 1353 929 1432; x_wconf 91' lang='lat' dir='ltr'><strong>qui</strong></span> <span class='ocrx_word' id='word_1_47' title='bbox 949 1353 1097 1416; x_wconf 84' lang='lat' dir='ltr'><strong>animalia</strong></span> <span class='ocrx_word' id='word_1_48' title='bbox 1111 1366 1216 1417; x_wconf 90' lang='lat' dir='ltr'><strong>mente</strong></span> 
     </span>
    </p>
   </div>
   <div class='ocr_carea' id='block_1_4' title="bbox 191 1463 1225 3877">
    <p class='ocr_par' dir='ltr' id='par_1_4' title="bbox 191 1463 1224 3420">
     <span class='ocr_line' id='line_1_9' title="bbox 278 1463 1215 1548; baseline -0.002 -13"><span class='ocrx_word' id='word_1_49' title='bbox 278 1474 324 1535; x_wconf 80' lang='lat' dir='ltr'><strong>&#39;et</strong></span> <span class='ocrx_word' id='word_1_50' title='bbox 344 1473 447 1534; x_wconf 84' lang='lat' dir='ltr'><strong>motb·</strong></span> <span class='ocrx_word' id='word_1_51' title='bbox 462 1465 598 1548; x_wconf 79' lang='lat' dir='ltr'><strong>praedita</strong></span> <span class='ocrx_word' id='word_1_52' title='bbox 618 1464 679 1527; x_wconf 72' lang='lat'><strong>⁰³?</strong></span> <span class='ocrx_word' id='word_1_53' title='bbox 699 1468 745 1516; x_wconf 86' lang='lat'><strong>-&#39;</strong></span> <span class='ocrx_word' id='word_1_54' title='bbox 773 1463 817 1528; x_wconf 85' lang='lat' dir='ltr'><strong>Et</strong></span> <span class='ocrx_word' id='word_1_55' title='bbox 849 1466 892 1528; x_wconf 93' lang='lat' dir='ltr'><strong>sic</strong></span> <span class='ocrx_word' id='word_1_56' title='bbox 918 1467 1043 1546; x_wconf 87' lang='lat' dir='ltr'><strong>quidem</strong></span> <span class='ocrx_word' id='word_1_57' title='bbox 1073 1487 1090 1531; x_wconf 87' lang='lat' dir='ltr'><strong>a</strong></span> <span class='ocrx_word' id='word_1_58' title='bbox 1120 1470 1215 1533; x_wconf 90' lang='lat' dir='ltr'><strong>rebus</strong></span> 
     </span>
     <span class='ocr_line' id='line_1_10' title="bbox 275 1579 1216 1667; baseline 0.002 -19"><span class='ocrx_word' id='word_1_59' title='bbox 275 1584 386 1648; x_wconf 62' lang='lat' dir='ltr'><strong>*cuivis</strong></span> <span class='ocrx_word' id='word_1_60' title='bbox 414 1579 611 1664; x_wconf 72' lang='lat' dir='ltr'><strong>patentibus,</strong></span> <span class='ocrx_word' id='word_1_61' title='bbox 651 1596 796 1661; x_wconf 87' lang='lat' dir='ltr'><strong>quaeque</strong></span> <span class='ocrx_word' id='word_1_62' title='bbox 826 1581 970 1647; x_wconf 88' lang='lat' dir='ltr'><strong>sensibus</strong></span> <span class='ocrx_word' id='word_1_63' title='bbox 992 1584 1216 1667; x_wconf 82' lang='lat' dir='ltr'><strong>percipiuntur</strong></span> 
     </span>
     <span class='ocr_line' id='line_1_11' title="bbox 278 1686 1217 1779; baseline 0.002 -16"><span class='ocrx_word' id='word_1_64' title='bbox 278 1698 324 1763; x_wconf 77' lang='lat' dir='ltr'><strong>ad</strong></span> <span class='ocrx_word' id='word_1_65' title='bbox 351 1715 401 1762; x_wconf 89' lang='lat' dir='ltr'><strong>res</strong></span> <span class='ocrx_word' id='word_1_66' title='bbox 421 1686 544 1765; x_wconf 84' lang='lat' dir='ltr'><strong>divinas</strong></span> <span class='ocrx_word' id='word_1_67' title='bbox 563 1696 689 1776; x_wconf 90' lang='lat' dir='ltr'><strong>Deique</strong></span> <span class='ocrx_word' id='word_1_68' title='bbox 720 1697 949 1779; x_wconf 86' lang='lat' dir='ltr'><strong>prouidentiam</strong></span> <span class='ocrx_word' id='word_1_69' title='bbox 971 1700 1121 1765; x_wconf 85' lang='lat' dir='ltr'><strong>escendit.</strong></span> <span class='ocrx_word' id='word_1_70' title='bbox 1154 1701 1217 1766; x_wconf 85' lang='lat' dir='ltr'><strong>Sed</strong></span> 
     </span>
     <span class='ocr_line' id='line_1_12' title="bbox 277 1811 1218 1900; baseline 0.004 -22"><span class='ocrx_word' id='word_1_71' title='bbox 277 1813 405 1896; x_wconf 77' lang='lat' dir='ltr'><strong>nospes</strong></span> <span class='ocrx_word' id='word_1_72' title='bbox 422 1811 480 1877; x_wconf 60' lang='lat' dir='ltr'><strong>&#39;sit</strong></span> <span class='ocrx_word' id='word_1_73' title='bbox 510 1829 639 1878; x_wconf 87' lang='lat' dir='ltr'><strong>necesse</strong></span> <span class='ocrx_word' id='word_1_74' title='bbox 662 1827 710 1878; x_wconf 88' lang='lat' dir='ltr'><strong>est</strong></span> <span class='ocrx_word' id='word_1_75' title='bbox 739 1813 932 1897; x_wconf 85' lang='lat' dir='ltr'><strong>inscriptis</strong></span> <span class='ocrx_word' id='word_1_76' title='bbox 963 1815 1218 1900; x_wconf 83' lang='lat' dir='ltr'><strong>Socraticorum,</strong></span> 
     </span>
     <span class='ocr_line' id='line_1_13' title="bbox 273 1928 1220 2012; baseline 0.005 -21"><span class='ocrx_word' id='word_1_77' title='bbox 273 1928 341 2012; x_wconf 83' lang='lat' dir='ltr'><strong>&#39;qui</strong></span> <span class='ocrx_word' id='word_1_78' title='bbox 367 1929 420 1993; x_wconf 79' lang='lat' dir='ltr'><strong>uel</strong></span> <span class='ocrx_word' id='word_1_79' title='bbox 446 1928 543 1992; x_wconf 88' lang='lat' dir='ltr'><strong>verbo</strong></span> <span class='ocrx_word' id='word_1_80' title='bbox 570 1928 735 2009; x_wconf 89' lang='lat' dir='ltr'><strong>monitus,</strong></span> <span class='ocrx_word' id='word_1_81' title='bbox 755 1948 821 1995; x_wconf 90' lang='lat' dir='ltr'><strong>non</strong></span> <span class='ocrx_word' id='word_1_82' title='bbox 845 1932 923 1995; x_wconf 90' lang='lat' dir='ltr'><strong>hane</strong></span> <span class='ocrx_word' id='word_1_83' title='bbox 946 1933 1098 1997; x_wconf 88' lang='lat' dir='ltr'><strong>continuo</strong></span> <span class='ocrx_word' id='word_1_84' title='bbox 1126 1933 1220 1997; x_wconf 85' lang='lat' dir='ltr'><strong>ratio·</strong></span> 
     </span>
     <span class='ocr_line' id='line_1_14' title="bbox 275 2030 1218 2131; baseline 0.001 -19"><span class='ocrx_word' id='word_1_85' title='bbox 275 2048 368 2112; x_wconf 50' lang='lat' dir='ltr'><strong>&#39;nemi</strong></span> <span class='ocrx_word' id='word_1_86' title='bbox 392 2043 494 2109; x_wconf 72' lang='lat' dir='ltr'><strong>urimo</strong></span> <span class='ocrx_word' id='word_1_87' title='bbox 519 2030 753 2128; x_wconf 82' lang='lat' dir='ltr'><strong>repraesentat.</strong></span> <span class='ocrx_word' id='word_1_88' title='bbox 820 2046 1050 2131; x_wconf 87' lang='lat' dir='ltr'><strong>Quoscumque</strong></span> <span class='ocrx_word' id='word_1_89' title='bbox 1087 2048 1218 2114; x_wconf 89' lang='lat' dir='ltr'><strong>habebat</strong></span> 
     </span>
     <span class='ocr_line' id='line_1_15' title="bbox 191 2160 1219 2248; baseline 0.005 -22"><span class='ocrx_word' id='word_1_90' title='bbox 191 2192 196 2208; x_wconf 92' lang='lat'><em>·</em></span> <span class='ocrx_word' id='word_1_91' title='bbox 273 2160 439 2228; x_wconf 68' lang='lat' dir='ltr'><strong>Socratesi</strong></span> <span class='ocrx_word' id='word_1_92' title='bbox 459 2180 531 2226; x_wconf 92' lang='lat' dir='ltr'><strong>cum</strong></span> <span class='ocrx_word' id='word_1_93' title='bbox 557 2161 804 2244; x_wconf 83' lang='lat' dir='ltr'><strong>quibuscunque</strong></span> <span class='ocrx_word' id='word_1_94' title='bbox 829 2163 1011 2229; x_wconf 90' lang='lat' dir='ltr'><strong>hominibus</strong></span> <span class='ocrx_word' id='word_1_95' title='bbox 1037 2183 1219 2248; x_wconf 87' lang='lat' dir='ltr'><strong>sermones,</strong></span> 
     </span>
     <span class='ocr_line' id='line_1_16' title="bbox 276 2279 1218 2364; baseline 0.001 -18"><span class='ocrx_word' id='word_1_96' title='bbox 276 2283 356 2347; x_wconf 79' lang='lat' dir='ltr'><strong>uum</strong></span> <span class='ocrx_word' id='word_1_97' title='bbox 383 2279 498 2360; x_wconf 69' lang='lat' dir='ltr'><strong>etiim,</strong></span> <span class='ocrx_word' id='word_1_98' title='bbox 542 2299 639 2362; x_wconf 90' lang='lat' dir='ltr'><strong>quum</strong></span> <span class='ocrx_word' id='word_1_99' title='bbox 666 2279 787 2363; x_wconf 87' lang='lat' dir='ltr'><strong>judices</strong></span> <span class='ocrx_word' id='word_1_100' title='bbox 816 2280 1034 2358; x_wconf 86' lang='lat' dir='ltr'><strong>alloquebatur</strong></span> <span class='ocrx_word' id='word_1_101' title='bbox 1069 2282 1218 2364; x_wconf 90' lang='lat' dir='ltr'><strong>publice,</strong></span> 
     </span>
     <span class='ocr_line' id='line_1_17' title="bbox 273 2385 1222 2481; baseline 0.002 -17"><span class='ocrx_word' id='word_1_102' title='bbox 273 2385 322 2464; x_wconf 67' lang='lat' dir='ltr'><strong>a&#39;t&#39;t</strong></span> <span class='ocrx_word' id='word_1_103' title='bbox 338 2398 549 2481; x_wconf 78' lang='lat' dir='ltr'><strong>persuaderet</strong></span> <span class='ocrx_word' id='word_1_104' title='bbox 580 2394 706 2475; x_wconf 86' lang='lat' dir='ltr'><strong>illis,a</strong></span> <span class='ocrx_word' id='word_1_105' title='bbox 734 2394 827 2458; x_wconf 89' lang='lat' dir='ltr'><strong>rebus</strong></span> <span class='ocrx_word' id='word_1_106' title='bbox 848 2396 1041 2461; x_wconf 86' lang='lat' dir='ltr'><strong>tenuissimis</strong></span> <span class='ocrx_word' id='word_1_107' title='bbox 1075 2413 1107 2463; x_wconf 88' lang='lat' dir='ltr'><strong>ct</strong></span> <span class='ocrx_word' id='word_1_108' title='bbox 1133 2400 1222 2466; x_wconf 89' lang='lat' dir='ltr'><strong>vilis·</strong></span> 
     </span>
     <span class='ocr_line' id='line_1_18' title="bbox 275 2511 1218 2599; baseline 0.001 -16"><span class='ocrx_word' id='word_1_109' title='bbox 275 2515 373 2583; x_wconf 61' lang='lat' dir='ltr'><strong>bimis</strong></span> <span class='ocrx_word' id='word_1_110' title='bbox 383 2515 530 2593; x_wconf 80' lang='lat' dir='ltr'><strong>exempla</strong></span> <span class='ocrx_word' id='word_1_111' title='bbox 547 2511 692 2593; x_wconf 82' lang='lat' dir='ltr'><strong>petebat:</strong></span> <span class='ocrx_word' id='word_1_112' title='bbox 716 2526 842 2578; x_wconf 88' lang='lat' dir='ltr'><strong>sutores</strong></span> <span class='ocrx_word' id='word_1_113' title='bbox 861 2514 1067 2597; x_wconf 87' lang='lat' dir='ltr'><strong>loquebatur,</strong></span> <span class='ocrx_word' id='word_1_114' title='bbox 1090 2515 1218 2599; x_wconf 86' lang='lat' dir='ltr'><strong>fabros,</strong></span> 
     </span>
     <span class='ocr_line' id='line_1_19' title="bbox 283 2612 1217 2711; baseline 0.002 -12"><span class='ocrx_word' id='word_1_115' title='bbox 283 2633 440 2709; x_wconf 79' lang='lat' dir='ltr'><strong>mastices,</strong></span> <span class='ocrx_word' id='word_1_116' title='bbox 465 2612 652 2711; x_wconf 83' lang='lat' dir='ltr'><strong>eorumque</strong></span> <span class='ocrx_word' id='word_1_117' title='bbox 676 2643 758 2696; x_wconf 88' lang='lat' dir='ltr'><strong>artes</strong></span> <span class='ocrx_word' id='word_1_118' title='bbox 787 2643 819 2695; x_wconf 91' lang='lat' dir='ltr'><strong>et</strong></span> <span class='ocrx_word' id='word_1_119' title='bbox 852 2631 1069 2698; x_wconf 83' lang='lat' dir='ltr'><strong>instrumenta.</strong></span> <span class='ocrx_word' id='word_1_120' title='bbox 1123 2635 1217 2701; x_wconf 47' lang='lat' dir='ltr'><strong>*Haec</strong></span> 
     </span>
     <span class='ocr_line' id='line_1_20' title="bbox 278 2746 1220 2833; baseline -0.001 -17"><span class='ocrx_word' id='word_1_121' title='bbox 278 2749 407 2816; x_wconf 75' lang='lat' dir='ltr'><strong>sedicet</strong></span> <span class='ocrx_word' id='word_1_122' title='bbox 438 2746 584 2812; x_wconf 87' lang='lat' dir='ltr'><strong>omnibus</strong></span> <span class='ocrx_word' id='word_1_123' title='bbox 613 2761 700 2813; x_wconf 89' lang='lat' dir='ltr'><strong>erant</strong></span> <span class='ocrx_word' id='word_1_124' title='bbox 734 2761 832 2825; x_wconf 89' lang='lat' dir='ltr'><strong>nota,</strong></span> <span class='ocrx_word' id='word_1_125' title='bbox 864 2766 928 2811; x_wconf 91' lang='lat' dir='ltr'><strong>non</strong></span> <span class='ocrx_word' id='word_1_126' title='bbox 957 2749 1051 2813; x_wconf 87' lang='lat' dir='ltr'><strong>cultis</strong></span> <span class='ocrx_word' id='word_1_127' title='bbox 1075 2763 1220 2833; x_wconf 89' lang='lat' dir='ltr'><strong>tantum,</strong></span> 
     </span>
     <span class='ocr_line' id='line_1_21' title="bbox 242 2856 1218 2946; baseline -0.002 -12"><span class='ocrx_word' id='word_1_128' title='bbox 242 2856 341 2934; x_wconf 67' lang='lat' dir='ltr'><strong>⁴&#39;sed</strong></span> <span class='ocrx_word' id='word_1_129' title='bbox 373 2864 505 2931; x_wconf 87' lang='lat' dir='ltr'><strong>rudibus</strong></span> <span class='ocrx_word' id='word_1_130' title='bbox 541 2863 633 2929; x_wconf 88' lang='lat' dir='ltr'><strong>etiam</strong></span> <span class='ocrx_word' id='word_1_131' title='bbox 663 2875 696 2928; x_wconf 93' lang='lat' dir='ltr'><strong>et</strong></span> <span class='ocrx_word' id='word_1_132' title='bbox 731 2862 938 2946; x_wconf 82' lang='lat' dir='ltr'><strong>agrestibus,</strong></span> <span class='ocrx_word' id='word_1_133' title='bbox 981 2864 1086 2946; x_wconf 87' lang='lat' dir='ltr'><strong>pueris</strong></span> <span class='ocrx_word' id='word_1_134' title='bbox 1117 2866 1218 2932; x_wconf 87' lang='lat' dir='ltr'><strong>adeo:</strong></span> 
     </span>
     <span class='ocr_line' id='line_1_22' title="bbox 275 2968 1224 3064; baseline -0.006 -10"><span class='ocrx_word' id='word_1_135' title='bbox 275 2968 484 3054; x_wconf 63' lang='lat' dir='ltr'><strong>‘scaturrcens</strong></span> <span class='ocrx_word' id='word_1_136' title='bbox 515 2979 607 3046; x_wconf 87' lang='lat' dir='ltr'><strong>illea</strong></span> <span class='ocrx_word' id='word_1_137' title='bbox 634 2977 768 3043; x_wconf 91' lang='lat' dir='ltr'><strong>sordidis</strong></span> <span class='ocrx_word' id='word_1_138' title='bbox 803 2977 852 3043; x_wconf 89' lang='lat' dir='ltr'><strong>his</strong></span> <span class='ocrx_word' id='word_1_139' title='bbox 886 2992 918 3043; x_wconf 92' lang='lat' dir='ltr'><strong>et</strong></span> <span class='ocrx_word' id='word_1_140' title='bbox 948 2980 1075 3064; x_wconf 87' lang='lat' dir='ltr'><strong>abjectis</strong></span> <span class='ocrx_word' id='word_1_141' title='bbox 1104 3001 1224 3049; x_wconf 91' lang='lat' dir='ltr'><strong>sermo·</strong></span> 
     </span>
     <span class='ocr_line' id='line_1_23' title="bbox 272 3083 1223 3183; baseline 0 -19"><span class='ocrx_word' id='word_1_142' title='bbox 272 3086 440 3183; x_wconf 61' lang='lat' dir='ltr'><strong>fnes,&#39;res</strong></span> <span class='ocrx_word' id='word_1_143' title='bbox 461 3096 634 3165; x_wconf 87' lang='lat' dir='ltr'><strong>declarabat</strong></span> <span class='ocrx_word' id='word_1_144' title='bbox 662 3093 829 3174; x_wconf 84' lang='lat' dir='ltr'><strong>facillime,</strong></span> <span class='ocrx_word' id='word_1_145' title='bbox 853 3095 892 3160; x_wconf 92' lang='lat' dir='ltr'><strong>de</strong></span> <span class='ocrx_word' id='word_1_146' title='bbox 916 3083 1033 3176; x_wconf 85' lang='lat' dir='ltr'><strong>quibus</strong></span> <span class='ocrx_word' id='word_1_147' title='bbox 1054 3098 1223 3165; x_wconf 87' lang='lat' dir='ltr'><strong>cultissimi</strong></span> 
     </span>
     <span class='ocr_line' id='line_1_24' title="bbox 212 3213 1222 3301; baseline -0.007 -14"><span class='ocrx_word' id='word_1_148' title='bbox 212 3240 215 3245; x_wconf 82' lang='grc'><strong>’</strong></span> <span class='ocrx_word' id='word_1_149' title='bbox 285 3221 346 3288; x_wconf 86' lang='lat' dir='ltr'><strong>viri</strong></span> <span class='ocrx_word' id='word_1_150' title='bbox 374 3218 460 3284; x_wconf 91' lang='lat' dir='ltr'><strong>omni</strong></span> <span class='ocrx_word' id='word_1_151' title='bbox 489 3231 631 3295; x_wconf 89' lang='lat' dir='ltr'><strong>tempore</strong></span> <span class='ocrx_word' id='word_1_152' title='bbox 656 3214 710 3277; x_wconf 83' lang='lat' dir='ltr'><strong>vix</strong></span> <span class='ocrx_word' id='word_1_153' title='bbox 739 3213 908 3296; x_wconf 84' lang='lat' dir='ltr'><strong>quidquam</strong></span> <span class='ocrx_word' id='word_1_154' title='bbox 938 3215 1104 3301; x_wconf 79' lang='lat' dir='ltr'><strong>proferre,</strong></span> <span class='ocrx_word' id='word_1_155' title='bbox 1135 3218 1222 3298; x_wconf 88' lang='lat' dir='ltr'><strong>quod</strong></span> 
     </span>
     <span class='ocr_line' id='line_1_25' title="bbox 243 3319 1221 3420; baseline -0.003 -21"><span class='ocrx_word' id='word_1_156' title='bbox 243 3319 245 3322; x_wconf 33' lang='lat'>⁵</span> <span class='ocrx_word' id='word_1_157' title='bbox 278 3333 454 3420; x_wconf 70' lang='lat' dir='ltr'><strong>‘probabile</strong></span> <span class='ocrx_word' id='word_1_158' title='bbox 482 3331 586 3410; x_wconf 88' lang='lat' dir='ltr'><strong>esset,</strong></span> <span class='ocrx_word' id='word_1_159' title='bbox 615 3342 793 3411; x_wconf 82' lang='lat' dir='ltr'><strong>potuerant.</strong></span> <span class='ocrx_word' id='word_1_160' title='bbox 859 3329 911 3396; x_wconf 86' lang='lat' dir='ltr'><strong>Ab</strong></span> <span class='ocrx_word' id='word_1_161' title='bbox 946 3332 1119 3398; x_wconf 82' lang='lat' dir='ltr'><strong>Aristotele</strong></span> <span class='ocrx_word' id='word_1_162' title='bbox 1147 3335 1221 3396; x_wconf 86' lang='lat' dir='ltr'><strong>baec</strong></span> 
     </span>
    </p>

    <p class='ocr_par' dir='ltr' id='par_1_5' title="bbox 271 3444 1225 3877">
     <span class='ocr_line' id='line_1_26' title="bbox 277 3444 1223 3542; baseline -0.006 -23"><span class='ocrx_word' id='word_1_163' title='bbox 277 3451 366 3519; x_wconf 81' lang='lat' dir='ltr'><strong>‘ratio</strong></span> <span class='ocrx_word' id='word_1_164' title='bbox 392 3454 540 3531; x_wconf 66' lang='grc' dir='ltr'><strong>ἐπαγωγὴ</strong></span> <span class='ocrx_word' id='word_1_165' title='bbox 569 3445 652 3512; x_wconf 85' lang='lat' dir='ltr'><strong>dicta</strong></span> <span class='ocrx_word' id='word_1_166' title='bbox 677 3454 734 3513; x_wconf 77' lang='lat' dir='ltr'><strong>&#39;est</strong></span> <span class='ocrx_word' id='word_1_167' title='bbox 757 3444 806 3528; x_wconf 56' lang='grc' dir='ltr'><strong>θ),</strong></span> <span class='ocrx_word' id='word_1_168' title='bbox 822 3467 846 3512; x_wconf 49' lang='lat' dir='ltr'><strong>:a</strong></span> <span class='ocrx_word' id='word_1_169' title='bbox 869 3448 1025 3514; x_wconf 89' lang='lat' dir='ltr'><strong>Cicerone</strong></span> <span class='ocrx_word' id='word_1_170' title='bbox 1048 3459 1080 3509; x_wconf 92' lang='lat' dir='ltr'><strong>et</strong></span> <span class='ocrx_word' id='word_1_171' title='bbox 1100 3445 1223 3542; x_wconf 87' lang='lat' dir='ltr'><strong>Latinis</strong></span> 
     </span>
     <span class='ocr_line' id='line_1_27' title="bbox 271 3538 1221 3646; baseline -0.005 -14"><span class='ocrx_word' id='word_1_172' title='bbox 271 3538 441 3632; x_wconf 50' lang='lat' dir='ltr'><strong>¹irrdactio.</strong></span> <span class='ocrx_word' id='word_1_173' title='bbox 485 3559 585 3629; x_wconf 88' lang='lat' dir='ltr'><strong>Haec</strong></span> <span class='ocrx_word' id='word_1_174' title='bbox 602 3562 735 3628; x_wconf 86' lang='lat' dir='ltr'><strong>docendi</strong></span> <span class='ocrx_word' id='word_1_175' title='bbox 766 3563 846 3626; x_wconf 85' lang='lat' dir='ltr'><strong>ratio</strong></span> <span class='ocrx_word' id='word_1_176' title='bbox 877 3569 969 3639; x_wconf 88' lang='lat' dir='ltr'><strong>quam</strong></span> <span class='ocrx_word' id='word_1_177' title='bbox 1000 3556 1042 3620; x_wconf 90' lang='lat' dir='ltr'><strong>sit</strong></span> <span class='ocrx_word' id='word_1_178' title='bbox 1069 3558 1221 3646; x_wconf 83' lang='lat' dir='ltr'><strong>simplex,</strong></span> 
     </span>
     <span class='ocr_line' id='line_1_28' title="bbox 284 3671 1223 3767; baseline -0.002 -20"><span class='ocrx_word' id='word_1_179' title='bbox 284 3700 381 3767; x_wconf 83' lang='lat' dir='ltr'><strong>quam</strong></span> <span class='ocrx_word' id='word_1_180' title='bbox 412 3681 485 3747; x_wconf 91' lang='lat' dir='ltr'><strong>item</strong></span> <span class='ocrx_word' id='word_1_181' title='bbox 516 3681 555 3747; x_wconf 89' lang='lat' dir='ltr'><strong>ad</strong></span> <span class='ocrx_word' id='word_1_182' title='bbox 584 3678 831 3762; x_wconf 76' lang='lat' dir='ltr'><strong>persuadendum</strong></span> <span class='ocrx_word' id='word_1_183' title='bbox 864 3671 996 3753; x_wconf 81' lang='lat' dir='ltr'><strong>efficax,</strong></span> <span class='ocrx_word' id='word_1_184' title='bbox 1023 3693 1120 3754; x_wconf 88' lang='lat' dir='ltr'><strong>nemo</strong></span> <span class='ocrx_word' id='word_1_185' title='bbox 1154 3695 1223 3762; x_wconf 88' lang='lat' dir='ltr'><strong>est,</strong></span> 
     </span>
     <span class='ocr_line' id='line_1_29' title="bbox 1079 3814 1225 3877; baseline 0.014 -17"><span class='ocrx_word' id='word_1_186' title='bbox 1079 3814 1091 3824; x_wconf 91' lang='lat'><strong>·</strong></span> <span class='ocrx_word' id='word_1_187' title='bbox 1146 3816 1225 3877; x_wconf 87' lang='lat' dir='ltr'><strong>qum</strong></span> 
     </span>
    </p>
   </div>
   <div class='ocr_carea' id='block_1_5' title="bbox 271 3938 1226 4128">
    <p class='ocr_par' dir='ltr' id='par_1_6' title="bbox 271 3938 1226 4128">
     <span class='ocr_line' id='line_1_30' title="bbox 271 3938 1226 4027; baseline -0.016 -16"><span class='ocrx_word' id='word_1_188' title='bbox 271 3938 292 3957; x_wconf 81' lang='grc'><strong>’“</strong></span> <span class='ocrx_word' id='word_1_189' title='bbox 323 3957 364 4027; x_wconf 77' lang='grc' dir='ltr'><strong>(ι)</strong></span> <span class='ocrx_word' id='word_1_190' title='bbox 388 3952 515 4020; x_wconf 60' lang='lat' dir='ltr'><strong>xenopu.</strong></span> <span class='ocrx_word' id='word_1_191' title='bbox 535 3949 618 4004; x_wconf 67' lang='lat' dir='ltr'><strong>mam.</strong></span> <span class='ocrx_word' id='word_1_192' title='bbox 639 3950 663 4003; x_wconf 89' lang='lat'><strong>1.</strong></span> <span class='ocrx_word' id='word_1_193' title='bbox 680 3949 707 4000; x_wconf 76' lang='lat' dir='ltr'><strong>a.</strong></span> <span class='ocrx_word' id='word_1_194' title='bbox 726 3950 753 4018; x_wconf 79' lang='lat' dir='ltr'><strong>l·</strong></span> <span class='ocrx_word' id='word_1_195' title='bbox 772 3963 797 4000; x_wconf 58' lang='grc' dir='ltr'><strong>ι.</strong></span> <span class='ocrx_word' id='word_1_196' title='bbox 815 3947 840 3998; x_wconf 78' lang='lat' dir='ltr'><strong>a.</strong></span> <span class='ocrx_word' id='word_1_197' title='bbox 908 3946 954 4018; x_wconf 63' lang='grc' dir='ltr'><strong>(ι)</strong></span> <span class='ocrx_word' id='word_1_198' title='bbox 977 3947 1091 4000; x_wconf 66' lang='lat' dir='ltr'><strong>anaor,</strong></span> <span class='ocrx_word' id='word_1_199' title='bbox 1115 3950 1226 4022; x_wconf 50' lang='lat' dir='ltr'><strong>alays</strong></span> 
     </span>
     <span class='ocr_line' id='line_1_31' title="bbox 285 4045 1191 4128; baseline -0.015 -20"><span class='ocrx_word' id='word_1_200' title='bbox 285 4061 358 4128; x_wconf 64' lang='lat' dir='ltr'><strong>noel.</strong></span> <span class='ocrx_word' id='word_1_201' title='bbox 379 4050 414 4107; x_wconf 78' lang='lat' dir='ltr'><strong>L.</strong></span> <span class='ocrx_word' id='word_1_202' title='bbox 432 4050 457 4105; x_wconf 90' lang='lat'><strong>1.</strong></span> <span class='ocrx_word' id='word_1_203' title='bbox 475 4067 499 4103; x_wconf 80' lang='lat' dir='ltr'><strong>c·</strong></span> <span class='ocrx_word' id='word_1_204' title='bbox 519 4065 541 4100; x_wconf 82' lang='lat' dir='ltr'><strong>a·</strong></span> <span class='ocrx_word' id='word_1_205' title='bbox 561 4045 634 4115; x_wconf 73' lang='lat' dir='ltr'><strong>Tap.</strong></span> <span class='ocrx_word' id='word_1_206' title='bbox 651 4048 676 4100; x_wconf 79' lang='lat'><strong>1.</strong></span> <span class='ocrx_word' id='word_1_207' title='bbox 696 4062 739 4101; x_wconf 81' lang='lat' dir='ltr'><strong>ro.</strong></span> <span class='ocrx_word' id='word_1_208' title='bbox 761 4052 789 4101; x_wconf 72' lang='lat' dir='ltr'><strong>ot</strong></span> <span class='ocrx_word' id='word_1_209' title='bbox 804 4045 998 4116; x_wconf 42' lang='lat' dir='ltr'><strong>peuimvciez-</strong></span> <span class='ocrx_word' id='word_1_210' title='bbox 1016 4046 1094 4115; x_wconf 68' lang='lat' dir='ltr'><strong>Tap:</strong></span> <span class='ocrx_word' id='word_1_211' title='bbox 1106 4062 1191 4106; x_wconf 66' lang='grc' dir='ltr'><strong>ω..</strong></span> 
     </span>
    </p>
   </div>
   <div class='ocr_carea' id='block_1_6' title="bbox 0 0 1515 5220">
    <p class='ocr_par' dir='ltr' id='par_1_7' title="bbox 0 0 1515 5220">
     <span class='ocr_line' id='line_1_32' title="bbox 0 0 1515 5220; baseline 0 0"><span class='ocrx_word' id='word_1_212' title='bbox 0 0 1515 5220; x_wconf 95' lang='lat' dir='ltr'><strong> </strong></span> 
     </span>
    </p>
   </div>
  </div>
 </body>
</html>
