2992 5220
810 444 988 525 ...ᾤμ-

434 623 566 699 nenirea.
600 622 703 697 Eunt
727 621 861 695 Athenis
888 621 1170 699 socratis-rente,
1194 621 1249 702 qui
1277 622 1317 705 in¹
1330 638 1370 695 eo

421 736 668 839 ‚amandorum
708 737 904 822 ingeniorum
940 735 1135 817 facultatem:
1151 756 1371 822 ‚agnoscerent

434 867 532 936 atque
553 853 801 933 admirarentur,
837 854 1107 936 perducendomm
1140 855 1369 940 dem'derapent't

439 948 527 1053 anon
549 971 729 1053 Xenophon
749 969 935 1041 testatur-in
956 970 1293 1051 Memorabilium,
1316 971 1372 1052 qui

427 1081 656 1170 'ipsehocrati
686 1104 747 1153 sua
776 1104 880 1169 parem
910 1086 1075 1167 utriusque
1097 1087 1217 1171 negotii
1243 1084 1373 1153 faculta-

435 1216 509 1283 tem
541 1203 672 1273 tribuit,
708 1202 786 1267 Non
814 1215 886 1299 est,
909 1202 996 1282 quod
1026 1220 1086 1267 uos
1115 1204 1176 1269 hoc
1193 1205 1278 1272 ¹loco
1307 1222 1372 1271 rem

434 1318 667 1405 dijudicemus:
689 1337 759 1385 nam
781 1334 814 1385 et
838 1311 1000 1401 negotium
1018 1316 1232 1384 difficillimum
1248 1334 1319 1399 est,
1341 1335 1374 1386 et

436 1435 569 1503 asinus·
584 1453 669 1502 nune
706 1436 891 1514 Socratem,
940 1454 1032 1515 quam
1071 1426 1140 1520 ejus
1176 1434 1372 1518 disciplinam

435 1518 684 1640 disciplineque
709 1553 743 1618 iu
772 1551 972 1635 philosophia
991 1551 1130 1616 Platonis
1157 1553 1371 1619 aaruoritntetn

382 1714 395 1737 t
439 1684 629 1753 spectamus.
674 1668 736 1734 Sed
759 1669 839 1756 hane
861 1667 956 1734 nobis
977 1667 1210 1752 judicantibus,
1233 1686 1272 1735 eo
1298 1686 1388 1735 sarae⁴

428 1784 651 1876 praestabilior
679 1784 871 1866 uberiorque
896 1785 1044 1865 videtur,
1074 1804 1139 1866 quo
1163 1785 1266 1851 minus
1286 1786 1373 1879 iuges

436 1903 516 1968 niis·
530 1922 622 1970 suam·
648 1900 842 1966 monstrabat
863 1901 1083 1985 progrediendi
1104 1903 1199 1968 viam.
1244 1902 1374 1983 Aperie-

439 2002 494 2089 bat
520 2018 573 2088 ille
586 2022 738 2105 §.avenam
764 2018 909 2099 animos,
931 2016 1076 2085 eliciebat
1097 2018 1169 2085 inde
1187 2016 1371 2099 facultates,

437 2154 521 2218 quae
548 2135 710 2216 inessent,
743 2136 908 2219 singulas,
939 2154 1056 2216 easque
1075 2135 1177 2201 alebat
1204 2148 1238 2201 et
1266 2153 1374 2200 corro-

438 2252 586 2320 borabatt
607 2269 644 2320 rat
667 2271 745 2319 vero
768 2254 826 2318 hae
845 2251 879 2317 in
898 2252 971 2317 aliis
992 2265 1078 2317 eraut
1099 2251 1213 2331 aliae,'
1227 2251 1373 2318 mantne·

438 2388 505 2454 qoe
524 2370 688 2450 diversae,
720 2369 762 2435 ita
791 2388 878 2435 suam
908 2369 1046 2452 quisque
1076 2387 1137 2451 pro
1166 2369 1224 2435 bac
1249 2383 1373 2437 natura·

435 2485 713 2559 rnmtdlversitate
731 2499 763 2551 et
783 2483 1037 2573 ingrediebantur
1049 2485 1129 2552 viam
1149 2500 1181 2552 et
1203 2486 1372 2567 tenebant,

437 2623 530 2688 qnam
555 2602 738 2687 disciplinae
767 2603 985 2685 praestantiam
1008 2617 1040 2670 et
1058 2605 1149 2685 quasi
1177 2602 1373 2673 fertilitatem

434 2719 619 2787 actussima.
640 2720 828 2786 documento
848 2720 964 2804 probat
988 2720 1119 2785 historia
1134 2720 1372 2802 philosophiae.

434 2835 518 2907 unm
542 2839 686 2909 exuussa
706 2837 890 2922 prodierunt
908 2850 993 2903 muta
1013 2836 1183 2915 varietate,
1208 2852 1275 2901 non
1298 2833 1373 2900 dico

434 2949 644 3039 pbssosophi,
664 2956 722 3022 sed
745 2955 1011 3041 philosophorum
1031 2966 1136 3020 sectae
1160 2966 1192 3017 et
1213 2950 1372 3032 familiae,

435 3089 531 3154 quant
561 3091 609 3138 ex.
623 3072 780 3138 Socratica
811 3073 917 3138 hacce.
964 3069 1072 3137 Securi
1098 3085 1175 3134 sunt
1202 3046 1376 3137 Zenonem-

436 3187 562 3268 Stoici,
600 3189 776 3274 Epicurum
809 3186 981 3269 Epicurei,
1016 3199 1074 3266 ut,
1109 3203 1189 3267 quae
1205 3216 1208 3223 ·
1225 3185 1373 3270 magister

434 3321 659 3392 praeceperat,
680 3293 842 3372 maximam
862 3318 983 3389 partem
1004 3302 1169 3389 diligenter
1194 3319 1376 3373 servarent:

433 3423 518 3499 uude
544 3422 706 3490 communi
740 3440 863 3489 omnes,
879 3421 1006 3488 nomine
1039 3421 1141 3488 Stoici
1171 3421 1376 3511 etEpicurei

436 3539 511 3606 dicti
537 3555 624 3606 sunt.
670 3541 733 3607 Sed
764 3540 925 3606 Socratem
949 3538 1005 3621 qui
1031 3538 1242 3621 audiverunt,
1264 3537 1373 3606 sieab·
1466 3600 1469 3606 .

435 3671 489 3721 eo·
503 3652 621 3738 singuli
647 3655 796 3740 singulari
824 3656 946 3723 ratione
975 3654 1108 3723 exculti.
1123 3670 1223 3736 suut,
1255 3655 1304 3721 sie
1323 3673 1375 3719 se·

436 3769 605 3854 metipsos.
618 3771 836 3856 monuique
859 3768 1225 3856 morloexplicucrunt,
1248 3786 1285 3840 ut
1300 3788 1396 3854 pro·

1311 3905 1371 3958 suo

476 4021 516 4096 (ι)
535 4019 619 4079 ιιι.
640 4018 675 4075 a.
694 4017 719 4073 1.
737 4039 761 4077 a
778 4024 805 4080 a·
