2992 5220
654 445 853 514 -151·.··

284 616 391 685 debuit
423 617 454 684 in
486 615 594 700 primis
624 603 773 699 magistro
805 610 1002 696 discipulus,
1043 624 1078 676 ut
1109 610 1220 703 disses

282 732 368 801 rendi
398 733 517 800 ratione
544 732 696 814 analytica
717 746 879 811 uteretur,
903 747 964 810 qua
983 726 1113 794 maxime
1134 728 1215 819 doc<

278 849 367 916 trinis
396 849 610 928 omnibusque
633 866 712 927 quae
731 847 873 913 tractavit
892 843 1081 930 argumentis
1104 846 1211 911 iumen

278 965 414 1033 aliudne
450 966 550 1048 ipsam
581 964 832 1049 syllogisticam,
863 980 899 1032 ut
931 962 1030 1029 verbo
1062 962 1124 1044 jam
1144 977 1212 1024 mo·
1246 1012 1250 1020 .

279 1081 405 1148 ultianus
418 1082 604 1165 ,analytice
628 1079 793 1163 exposuit.
836 1081 933 1167 Quod
963 1093 1064 1144 autem
1096 1093 1212 1145 novam

202 1204 205 1211 ’
278 1195 387 1278 illam,
409 1216 501 1280 quam
534 1197 693 1263 invenisse
715 1195 850 1277 dicitur,
871 1196 1053 1262 methodum
1077 1194 1212 1272 attinet,

278 1312 340 1377 hoc
371 1328 518 1393 constat,
542 1330 576 1379 ut
601 1315 742 1378 inventio
764 1313 917 1396 praecedit
939 1312 1142 1394 probationi,
1164 1311 1213 1379 si<

278 1428 488 1513 syllogisticae
508 1430 576 1495 sive
601 1429 745 1510 synthesi
771 1429 913 1510 analysin
934 1429 1127 1513 praecedere.
1151 1428 1213 1493 Ni·

159 1614 165 1623 ,
277 1545 305 1613 si
326 1545 482 1611 cernendo
495 1545 732 1628 iungendoque
760 1545 857 1608 multa
888 1556 918 1606 et
948 1544 1004 1608 alii.
1028 1544 1214 1627 philosophi

277 1677 311 1729 ιι
340 1661 487 1727 Socrates
506 1679 540 1725 ac
569 1662 682 1740 Plato,
703 1660 836 1743 ipseque
863 1659 1053 1727 Aristoteles
1077 1661 1216 1741 invenies

278 1787 341 1855 aet,
352 1776 485 1858 probare
496 1774 546 1841 hic
559 1775 611 1840 illa
620 1775 862 1861 argumentando
879 1794 944 1841 non
963 1775 1133 1858 potuisset.
1143 1777 1215 1847 Clu!

276 1893 329 1979 jus
351 1893 395 1959 rei
415 1892 635 1958 documentum
650 1890 773 1975 insigne
787 1905 855 1971 est,
867 1892 953 1972 quod
964 1893 1026 1973 jam
1045 1891 1212 1972 aliquoties

277 2007 542 2088 memoravimus,
569 2006 710 2073 Euclldis
738 2025 850 2088 opus,
881 2007 1068 2088 synthcseos
1095 2006 1214 2079 mathes

278 2123 405 2187 maricae
425 2135 661 2186 monumentum
681 2120 867 2186 immortale.
891 2116 923 2160 (θ
954 2119 1045 2206 Quae
1064 2119 1096 2185 in
1112 2139 1150 2186 eo
1169 2121 1209 2187 ad

279 2239 554 2308 demonstrandum
576 2237 768 2320 problemata
788 2252 1033 2319 proponuntur,
1054 2236 1136 2303 haud
1153 2256 1212 2321 po-

280 2354 415 2421 tuissent
442 2353 604 2437 proponi,
635 2350 697 2419 nisi
724 2354 850 2419 inventa
878 2355 1121 2438 praecessissent
1140 2359 1212 2421 cum

278 2472 432 2552 aliorum,
455 2486 522 2537 tum
543 2470 687 2555 inprimis
714 2471 1006 2568 Pythagoreorum
1041 2473 1079 2537 ab
1104 2472 1214 2538 haren·

280 2588 403 2653 toribus
433 2589 510 2654 adeo
537 2589 687 2653 nonnulla
718 2606 827 2653 eorum
863 2607 978 2653 nomen
1004 2588 1144 2668 habent,
1177 2600 1213 2654 ut

276 2705 438 2786 problema
467 2725 499 2769 v.
511 2721 542 2770 c.
583 2705 623 2770 de
652 2704 809 2787 quadratis
831 2718 863 2769 et
879 2705 1099 2787 hypotenusa,
1121 2706 1212 2785 quod
1278 2704 1282 2711 '

275 2820 509 2903 Pythagoreum
543 2821 729 2903 appellatur.
782 2820 844 2886 Sed
869 2820 1057 2888 Aristoteles
1088 2820 1213 2889 Platoni

275 2935 409 3017 aliisque
431 2937 644 3019 inventanon
671 2938 775 3002 solum
804 2935 934 3015 debuit,
958 2957 1037 3017 quae
1067 2937 1214 3015 quemad·

276 3053 405 3117 modum
432 3068 538 3118 essent
566 3053 746 3136 probanda,
775 3053 1034 3132 demonstraret,
1061 3065 1169 3114 verum
1196 3068 1216 3121 ι

279 3164 427 3247 magistro
462 3184 522 3230 suo
555 3168 743 3234 dialecticam
782 3168 855 3233 item
895 3166 1015 3249 accepit
1034 3163 1215 3250 inveniendi

278 3280 451 3361 sationem,
473 3281 557 3345 unde
573 3282 641 3362 ipse
663 3284 819 3364 probandi
835 3280 1132 3360 demonstrandique
1150 3300 1215 3348 me·

277 3397 410 3463 ehodum
451 3395 594 3462 efficeret.
639 3397 721 3462 Rem
747 3403 889 3481 exemplo
922 3401 1056 3483 exejus
1085 3397 1213 3481 seriptis

1085 3584 1089 3591 ,
1130 3512 1214 3584 suine

278 3623 454 3696 misisses,
484 3622 536 3686 ⁸12,
565 3627 619 3684 rixi
654 3628 688 3684 τι
723 3629 828 3696 exireat
861 3627 894 3682 ri
929 3624 981 3692 τῆς
1016 3622 1214 3693 Πολιτικῆςῦ

277 3728 447 3803 Ῥητορικὴ,
469 3725 517 3783 eal
541 3724 567 3781 οἵ
585 3721 811 3792 ἀντιποιούμενοι
830 3721 950 3788 τούτοις.
973 3744 1011 3766 ι·
1028 3720 1109 3791 Quod
1136 3741 1216 3777 sum-

276 3804 314 3882 ‘sit
334 3844 349 3879 ο
370 3816 490 3887 Plutonis
515 3822 576 3877 loco
596 3816 697 3892 Gorgia
718 3824 778 3877 464.
802 3820 833 3874 B.
851 3821 899 3874 ubi
915 3820 948 3872 de
960 3820 1002 3873 his
1021 3822 1088 3890 ipsis
1107 3824 1211 3874 arunas

275 3922 531 4004 disligumdmagit.
552 3921 589 3976 V.
609 3922 673 3975 Vol.
693 3922 732 3976 11.
745 3920 776 3975 Ρ.
795 3923 818 3976 1.
836 3942 865 3990 p.
884 3940 942 3978 roo.
979 3924 1020 3993 (ι)
1041 3921 1211 3994 Quamquam

273 4006 364 4090 aian,
383 4025 406 4076 a
422 4026 496 4075 mre
513 4019 546 4070 „a
568 4019 718 4076 noemam
728 4022 895 4091 auersum,
912 4023 1066 4090 mensura·
1082 4025 1151 4079 mu
1159 4020 1208 4107 ,aaa

277 4134 317 4183 stt
325 4130 464 4181 amentum
486 4121 621 4176 eontinet.
