2992 5220
644 469 817 518 ..Πι-

272 637 455 706 coenobis
487 639 514 704 'e
542 634 728 703 custodibus
758 650 849 714 esse,
880 630 934 714 qui
966 651 1040 715 prae
1069 628 1205 701 caeteris

272 756 335 824 siut
352 756 471 838 optime
491 752 652 818 musicaet
663 750 855 836 gymnastico
872 748 1011 815 exculti:
1035 750 1089 814 sed
1106 769 1204 833 quae·

274 873 360 939 rutdi
384 870 553 955 praecipue
581 881 678 948 sunt,
710 868 765 950 qui
789 869 899 934 natura
919 867 1084 932 viduantur
1100 867 1203 948 pbilo-

273 985 391 1068 sophi3
427 984 587 1048 hiantem
619 983 727 1062 quales
757 983 843 1064 sint,
868 998 1014 1066 quaeque
1040 997 1119 1046 vero
1147 996 1204 1044 no-

273 1101 361 1169 mine
378 1100 498 1166 dicatur
521 1105 613 1186 Φύσις
634 1103 821 1186 Φιλόσοφος,
852 1115 974 1166 natura
1004 1098 1206 1186 Wlowphai

276 1216 308 1281 id
336 1217 476 1298 scilicet,
515 1217 702 1298 Adimante,
735 1216 875 1282 nonita
906 1231 954 1282 est
986 1214 1207 1294 manifutum,

276 1347 392 1417 atque,
423 1350 469 1401 ut·
488 1354 580 1401 suam
612 1333 834 1419 philosophiae
866 1332 1059 1399 vindicemus
1094 1332 1129 1398 in
1163 1330 1210 1399 ci·

276 1450 372 1545 ritate
407 1452 645 1532 auctoritatem,
687 1452 715 1517 si
759 1449 837 1535 quid
873 1449 980 1530 aliud,
1028 1450 1089 1515 hoc
1117 1441 1209 1515 nobis

278 1581 385 1651 patere
413 1568 519 1637 debet.
563 1569 625 1636 Sed
654 1587 734 1654 age,
765 1569 796 1635 in
824 1568 1001 1635 memoriam
1029 1567 1087 1634 tibi
1120 1584 1212 1635 revo-

277 1684 381 1767 cabo,
425 1688 475 1751 vel
512 1685 582 1768 ipse
611 1687 718 1771 potius
751 1687 936 1766 recordare,
973 1685 1001 1750 si
1033 1702 1126 1766 quem
1166 1682 1213 1751 di·
1248 1732 1252 1739 .

279 1801 380 1867 cimus
410 1801 529 1885 aliquid
553 1822 675 1883 aurare,
714 1803 799 1869 hunc
823 1802 917 1869 nobis
945 1802 1043 1870 videri
1067 1815 1214 1887 oportere

280 1934 345 1982 non
372 1919 480 2000 partim
514 1919 590 1984 illud
610 1938 735 1999 amare,
766 1920 877 2002 partim
905 1938 998 2002 non,
1022 1920 1078 1986 sed
1107 1933 1211 2013 toturn

280 2048 385 2096 autore
404 2033 582 2114 complecti.
619 2035 681 2099 Cui
713 2034 862 2113 Glauco,
893 2053 987 2112 sane,
1020 2035 1213 2115 respondet,

282 2165 302 2210 o
322 2145 489 2227 Socrates,
512 2147 545 2213 in
556 2148 733 2215 memoriam
756 2148 787 2217 id
804 2148 880 2214 mibi
902 2150 1215 2218 revocandum-:nam

280 2281 366 2347 ego,
398 2261 521 2345 fateor,
564 2282 630 2330 non
659 2265 854 2331 reminiscor.
916 2266 1002 2333 Tum
1045 2268 1214 2350 Socrates,

281 2378 400 2463 alium,
423 2379 548 2462 inquit,
580 2381 682 2449 dicere
703 2383 832 2475 decebat
854 2401 935 2467 quae
953 2382 1084 2463 dixisti;
1115 2383 1217 2457 uirum

284 2517 360 2565 vero
380 2498 495 2567 amoris
526 2499 608 2565 haud
638 2516 796 2583 expertem
819 2519 884 2567 non
906 2503 998 2583 ‚decet
1031 2520 1097 2568 non
1128 2502 1220 2570 remi·

284 2602 391 2698 nisti,⁸
408 2621 458 2687 alr
478 2620 646 2702 Φιλόπαιδα
663 2621 719 2687 rai·
730 2623 861 2702 ἐρωτικὸν
880 2619 919 2685 ab
933 2619 1103 2702 omnibus,
1125 2635 1223 2704 quot·

285 2745 365 2831 quot
397 2731 529 2819 inipso
556 2750 633 2827 sunt
661 2732 770 2800 aetatis
793 2734 895 2816 flore,
926 2738 1044 2805 moveri
1071 2740 1221 2820 quodam·

286 2826 381 2917 ruodo
401 2862 436 2917 et
464 2847 643 2933 stimulari,
672 2851 836 2934 viderique
857 2853 931 2918 huic
958 2853 1030 2920 illos
1051 2856 1221 2923 observari·
1240 2899 1242 2903 ψ

287 2969 331 3034 tid
362 2984 394 3035 et
425 2988 531 3035 amore
549 2970 682 3059 dignos
740 2970 859 3035 Nonne
896 2972 937 3035 ita
968 2989 1027 3036 vos
1054 2989 1125 3056 erga
1157 2971 1223 3037 for·

286 3090 394 3189 irrosus
410 3088 533 3173 agitis?
554 3088 674 3167 Alius,
697 3087 784 3169 quod
806 3085 904 3151 simus
923 3101 992 3166 cst,
1010 3089 1141 3172 gratiae
1155 3070 1223 3179 pli-

288 3184 345 3266 nus
365 3201 479 3270 dicitur
508 3217 539 3269 et
569 3207 629 3270 hoc
653 3204 828 3272 celebratur
855 3190 1001 3270 nominer
1032 3203 1148 3284 aliurn,
1170 3204 1223 3271 cui

288 3315 448 3400 ¹aquilinus
464 3337 558 3384 nasus
578 3336 652 3402 est,
680 3326 800 3409 regium
819 3302 1000 3405 ippellatis:
1023 3319 1051 3386 si
1075 3320 1147 3405 quis
1169 3338 1225 3389 au·

289 3449 352 3502 tem
369 3435 544 3502 inter'hos
564 3437 684 3514 medius
711 3418 783 3521 est,
811 3422 991 3505 concinnum
1015 3454 1090 3504 esse
1103 3436 1222 3528 dicitis.

292 3531 413 3639 Nigros
442 3557 550 3624 uiriles
575 3554 695 3622 vocatis
730 3536 847 3643 specie,
879 3555 1050 3635 candidos,
1085 3550 1224 3623 Deorum

285 3664 392 3756 ‘filim
412 3679 594 3761 μελὶχλωροι
614 3692 690 3739 vero
711 3672 766 3755 qui
785 3673 1009 3756 appellantur,
1033 3692 1050 3738 a
1073 3669 1144 3756 rino
1160 3688 1228 3775 tan·

292 3793 362 3859 dern
396 3790 502 3857 fictum
531 3793 591 3857 boc
622 3811 736 3858 nornen
767 3768 907 3875 putas,
913 3789 974 3856 nisi
1009 3792 1047 3859 ab
1064 3771 1227 3869 amatore,

265 3908 352 3992 qui
381 3907 471 3976 facile
492 3908 589 3978 ferret
607 3909 906 4009 blandiendoque
881 3929 926 3976 src
952 3913 1123 3997 appelleret
1148 3925 1229 3975 ama·

293 4026 333 4096 sii
351 4027 503 4115 pallorem
519 4014 694 4125 iVerbp,
708 4031 810 4101 nulus
829 4047 895 4130 pou
916 4020 1084 4143 captetis
1070 4006 1231 4137 occasiun-

286 4166 290 4173 .
1141 4118 1229 4214 ³0,ss
