2992 5220
953 368 1149 419 -210-

594 539 688 611 nobis
706 532 842 605 confirm
863 546 1093 619 apparuerunt,
1113 531 1188 600 hooc
1215 549 1276 598 nos
1304 531 1463 621 distingue
1490 568 1496 591 .

594 653 867 734 commodoque,
908 649 1015 737 prouti
1052 647 1086 715 in
1123 649 1311 735 spectaculis
1351 669 1426 735 spec
1447 679 1492 708 o·

595 770 765 857 mecedem
786 769 949 848 solemur,
971 764 1132 833 nobismet
1151 763 1211 849 ipsi
1233 765 1438 851 explicemus.

640 884 836 970 Antiudcam
872 883 950 951 hanc
979 898 1051 953 esse
1078 880 1213 949 diximus
1248 882 1426 967 exponendi
1459 930 1464 938 t

598 1003 758 1085 seruique
782 1000 948 1069 rationem.
990 998 1074 1066 Nam
1103 997 1232 1087 propria
1256 997 1362 1065 endem
1394 1012 1443 1066 est
1469 1000 1489 1065 d

599 1119 726 1197 lecticae
744 1115 936 1199 Platonicae.
979 1115 1128 1199 Analysis
1147 1113 1234 1201 apud
1254 1133 1349 1197 eum,
1370 1130 1407 1180 ut
1427 1115 1459 1181 in
1494 1126 1496 1138 ·

597 1240 704 1327 pirou
740 1222 773 1305 ei
805 1233 939 1305 Politice
971 1232 1130 1314 vidimus,
1182 1230 1216 1297 in
1248 1231 1364 1299 medias
1396 1251 1456 1298 nos

600 1353 708 1428 educit
733 1350 901 1427 continuo.
942 1349 1019 1435 Quo
1044 1347 1169 1428 plenius
1194 1348 1363 1429 explicaret
1384 1349 1487 1414 Eieat

603 1473 682 1556 quid
708 1467 902 1555 sopiristica,
933 1461 1011 1544 quid
1037 1460 1167 1547 politica
1191 1476 1295 1540 esset,
1325 1476 1408 1531 artes
1439 1481 1496 1531 no

602 1588 739 1674 onnon
764 1598 796 1654 et
822 1578 981 1653 doctrinm
1007 1577 1167 1647 universas
1192 1577 1383 1664 proposuit,
1404 1594 1483 1649 ute

604 1705 676 1788 ipro
700 1719 753 1775 oss
783 1697 931 1781 deintep‘
958 1694 1034 1763 alias
1056 1693 1097 1775 qb
1124 1694 1195 1767 eliis
1219 1713 1442 1778 cerneremus,
1473 1717 1492 1765 c

605 1818 777 1901 crudoque
804 1813 1003 1885 continenter
1033 1811 1293 1899 progredientes,
1330 1814 1490 1900 sophistic

603 1936 736 2015 medum
753 1934 894 2016 nonque
914 1929 1075 2015 politicam
1098 1948 1171 1999 curn
1195 1949 1450 2018 assequeremur,
1473 1949 1486 2003 t

605 2052 712 2138 qualis
736 2064 871 2134 utreque
896 2061 980 2119 esset
999 2064 1276 2134 cognosceremus.
1318 2048 1397 2119 Non
1417 2048 1484 2118 div·

607 2171 650 2250 ub
677 2170 735 2239 htc
764 2165 902 2237 entonis
933 2164 1081 2233 methodo
1108 2163 1187 2233 ratio
1215 2178 1288 2247 est,
1310 2185 1403 2253 quam
1425 2168 1488 2235 in.

607 2285 715 2363 rmdu
743 2281 1003 2369 exponendisque
1030 2280 1162 2351 heroum
1186 2282 1280 2350 rebus
1293 2282 1400 2367 'gestis
1426 2284 1493 2349 Ho·

607 2424 669 2479 rus
693 2417 743 2477 est
766 2414 929 2471 secutus:⁴
964 2412 1096 2485 utreque
1121 2398 1334 2469 discemendis
1362 2399 1423 2484 iis,
1464 2422 1487 2487 q

492 2604 495 2611 Ι
606 2522 750 2611 ,primunr
781 2517 906 2589 fuerant
932 2514 1088 2600 mnfmt,
1109 2516 1275 2603 procedit,
1295 2531 1328 2589 et
1350 2518 1461 2588 similis
1490 2550 1496 2575 ·

612 2656 654 2707 nc
684 2634 851 2720 utriusque
879 2631 1013 2705 effectu
1042 2647 1108 2707 est.
1172 2634 1256 2703 Nam
1293 2636 1342 2703 uti
1369 2637 1458 2704 Pisto

612 2750 825 2836 distinguendi
850 2750 1011 2835 diligentis
1047 2750 1170 2823 efficere
1198 2752 1321 2817 tandem
1348 2754 1477 2833 studet,

614 2866 702 2945 notis
727 2864 914 2953 quibusdem
942 2862 1037 2931 certis
1055 2881 1074 2928 a
1091 2862 1220 2930 caeteris
1251 2863 1399 2933 omnibus
1423 2886 1496 2952 sop

607 2998 680 3073 tem
707 2999 740 3051 et
764 2982 929 3068 politicum
959 2981 1195 3060 discernamus,
1226 2978 1269 3046 itt
1298 2981 1429 3066 ieqeodt
1455 2985 1493 3053 Ili

607 3114 745 3179 ,nosmet
775 3099 838 3183 ipsi
866 3112 982 3182 sponte
1005 3098 1118 3163 nostri
1147 3112 1219 3167 cum
1247 3096 1380 3165 aliorum
1413 3100 1496 3169 G.

619 3237 690 3293 rum
721 3215 1018 3298 Trojmorumque,
1058 3226 1128 3279 tum
1158 3214 1292 3283 Achillis
1320 3231 1352 3285 et
1379 3217 1483 3286 Hecto

610 3329 868 3422 ‚praesertimque
912 3329 1050 3399 Achillis
1089 3330 1369 3401 characteristicum
1413 3354 1467 3399 co

608 3469 707 3521 mur.
750 3448 812 3517 Sed
844 3448 933 3531 quod
957 3445 998 3515 da
1026 3445 1188 3515 indusiria
1218 3449 1282 3533 egit
1307 3449 1418 3531 Puto,
1455 3471 1477 3535 q

624 3566 829 3652 insophista
856 3579 887 3633 et
913 3562 1048 3633 Polirico
1076 3562 1176 3647 ipsam
1204 3564 1357 3651 exemplis
1388 3570 1494 3652 expli

623 3685 807 3770 uulyticam
827 3695 948 3761 ortem,
974 3679 1007 3749 id
1033 3680 1148 3766 plone,
1170 3692 1207 3749 ut
1231 3679 1395 3769 Homerus
1421 3699 1453 3757 et

605 3800 710 3891 sici,
731 3815 834 3890 sponte
854 3796 959 3867 effecit
981 3795 1107 3882 scriptio
1128 3795 1208 3866 suis.
