2992 5220
652 439 826 535 ...Risu

269 620 322 699 pla
341 617 495 688 duxerant
519 617 558 686 ad
578 613 767 684 hodiernum
786 628 920 697 aerum,
935 627 1105 696 'qutemon
1125 604 1197 685 deo

268 753 436 817 superare,
454 736 514 802 sed
544 751 676 814 aequare
701 735 778 800 adeo
806 733 861 801 vix
889 744 1074 817 potuerunt.
1124 731 1196 800 Nec

266 853 563 929 temere-dicamus,
594 863 746 929 quantum
776 848 888 917 Graeci
912 847 1044 917 caeteris
1068 847 1197 931 papulis

265 968 490 1052 praestiterunt
514 963 736 1047 philosophiae
754 965 884 1049 stadio,
907 981 1026 1032 tantum
1045 967 1197 1044 eloquen-

267 1083 314 1149 tia
339 1096 370 1147 et
400 1079 560 1148 dialectica
583 1078 712 1147 caeteris
737 1079 868 1151 Graecis
888 1082 1083 1167 praestitisse
1096 1078 1197 1147 Athe-

264 1198 403 1265 nienses.
498 1261 504 1269 ,
618 1210 892 1266 ’.
1008 1213 1195 1273 ·-i.

261 1364 267 1371 .
308 1314 497 1383 Debuerant
525 1315 601 1381 hanc
629 1315 758 1398 gloriam
779 1313 926 1380 Athenae
947 1313 1113 1397 praeclaris
1128 1333 1199 1386 ora·

267 1431 412 1512 toribus,
443 1451 525 1512 quos
538 1466 541 1471 ·
555 1431 777 1513 protulerunta
805 1430 861 1496 sed
887 1429 1067 1500 dialecticae
1089 1427 1198 1510 initia,

264 1568 349 1634 quae
373 1563 405 1615 et
431 1549 515 1632 justa
550 1560 635 1616 essct
671 1564 729 1614 nec
760 1546 803 1612 ad·
837 1546 1049 1627 eloquentiam
1076 1559 1199 1613 tantum

260 1636 492 1732 —mformindam
517 1664 597 1744 rite,
641 1664 697 1729 sed
723 1663 761 1728 ad
785 1662 886 1746 ipsam
911 1662 1202 1746 colendam-philo.-

262 1781 409 1863 aophiam
444 1781 584 1861 valeret,
603 1840 606 1845 ,
625 1778 720 1862 hujus
749 1777 837 1845 initia
869 1779 909 1845 ab
946 1796 1012 1845 uno
1051 1779 1200 1847 videntur
1244 1814 1248 1821 ·

268 1898 399 1963 Socrate
427 1897 558 1961 maxime
581 1895 766 1980 repetenda.
818 1895 907 1980 Quid
937 1895 999 1963 sibi
1024 1896 1121 1963 vellet
1146 1896 1202 1965 ille

274 2013 496 2094 interrogando
522 1994 766 2093 arguendoque,
790 2007 877 2089 quod
906 2008 938 2072 in
956 2007 1148 2091 gymnasiis,
1168 2008 1204 2076 in

216 2148 219 2165 ¹
268 2130 342 2197 foro
370 2143 401 2194 et
430 2126 524 2193 nullis
549 2144 615 2190 non
641 2124 756 2190 civium
789 2123 999 2190 conventibus
1018 2121 1200 2208 factitabat,

267 2265 334 2315 non
362 2243 614 2325 adsequebantur
636 2236 803 2324 aequalcs3
832 2260 898 2322 quo
930 2241 1068 2324 accidit,
1089 2258 1127 2309 ut
1146 2262 1202 2328 pe-

266 2360 385 2428 culiare
405 2359 467 2423 hoc
495 2357 654 2423 videretur
679 2355 870 2443 Sophistr'caa
897 2372 995 2440 genus
1024 2373 1120 2439 esse,
1151 2372 1200 2426 at·

268 2497 335 2560 que
365 2477 438 2559 ipse
465 2494 483 2538 a
510 2472 639 2545 comicis
678 2486 833 2554 tamquam
861 2491 944 2539 unus
980 2472 1200 2558 Sophistarum

267 2596 300 2661 in
341 2609 433 2656 scena
470 2590 703 2670 traduceretur;
746 2589 867 2671 posteri
898 2590 1022 2659 demum
1050 2590 1084 2657 id
1109 2592 1202 2665 intel·

266 2712 436 2786 lexerunt,
457 2720 627 2789 postquam
658 2724 729 2770 cum
757 2707 809 2772 alii
840 2706 1010 2790 Socratici,
1025 2694 1028 2701 ’
1042 2724 1109 2780 tum
1137 2713 1202 2781 Xe·

267 2827 400 2910 nophon
423 2841 455 2890 et
478 2825 568 2890 Plato
594 2823 674 2888 hauc
705 2841 809 2889 veram
839 2823 1055 2908 dialecticam,
1077 2829 1202 2896 traden-

258 2941 317 3015 ‚dis
346 2943 416 3024 ejus
437 2938 660 3020 sermonibus,
683 2955 905 3023 exposuerant.
949 2941 987 3010 Id
1005 2959 1109 3009 autem
1127 2964 1203 3027 prae

267 3055 397 3119 caeteris
423 3055 555 3123 maxime
586 3054 759 3136 patefacere
787 3056 877 3122 Plato
904 3057 1051 3137 studuit,
1082 3058 1140 3139 qui
1169 3073 1201 3126 et

269 3168 419 3236 rationem
454 3170 554 3251 hujus
578 3171 754 3239 dialecticae
777 3188 818 3244 et,
836 3173 927 3256 vim,
971 3175 1203 3255 quammu-

268 3284 421 3353 dientium
444 3282 572 3356 ammos,
594 3285 743 3366 haberet,
765 3287 939 3356 scribendis
968 3289 1100 3374 dialogis
1113 3306 1129 3371 ,·
1148 3309 1204 3381 esf

266 3401 438 3488 primeret:
462 3398 544 3464 idem
566 3397 643 3463 adeo
667 3398 776 3465 iisdem
806 3405 962 3490 dialogis,
985 3426 1064 3486 quae
1078 3410 1135 3474 ¹uel
1154 3406 1203 3496 ip,

264 3539 308 3586 se
333 3521 365 3584 in
390 3519 448 3584 hac
474 3529 541 3583 arte
568 3516 752 3595 invenerat,
774 3520 826 3582 vel
847 3536 866 3585 e
887 3521 1026 3587 Socratis
1055 3525 1203 3600 aliorum,

268 3655 337 3719 que
363 3635 486 3709 ratione
512 3636 665 3716 duxerat,
707 3636 891 3717 complexus
925 3650 995 3710 esta
1039 3655 1075 3707 ut
1095 3646 1204 3717 mobis

270 3771 356 3822 nunc
392 3751 543 3833 quidem,
586 3752 615 3821 si
645 3770 806 3836 germanae
842 3753 1019 3821 dialecticae
1046 3759 1204 3833 ‘monem
1247 3808 1250 3813 -

271 3890 374 3937 veram
404 3868 534 3954 adsequi
563 3870 721 3952 velimus,
763 3889 804 3941 ex
827 3871 879 3937 his
905 3872 1039 3953 maxime
1060 3874 1209 3954 fontibus

273 3986 475 4060 mutiendum
487 4050 490 4055 .
504 3985 558 4059 ait·
581 3986 722 4077 ¹l'atebit
737 3987 789 4079 ,ita
808 3987 986 4075 ,cumbum
1004 3996 1207 4077 ..quodnam
1326 3976 1329 3983 ’
