2992 5220
676 471 832 537 ''⁸⁷''-

284 626 482 714 ambimus,
506 635 561 702 sod
583 652 643 700 una
669 633 880 720 spectabimus
898 637 1064 706 custodum
1086 640 1210 709 illorum

283 746 441 831 optimos,
462 751 520 833 qui
546 768 651 835 regere
684 753 853 833 aliquando
873 752 1031 818 civitatem
1055 755 1136 821 iiiam
1157 759 1210 825 do·

282 861 413 930 bebunt.
459 865 549 930 ilium
579 865 682 931 secuti
709 866 818 933 ducem
844 882 1012 949 nostrum,
1034 887 1073 934 ex
1101 872 1208 940 eodum

281 997 378 1062 opere
408 981 582 1064 primario,
622 999 662 1048 ex
687 981 796 1049 iisdem
822 982 884 1049 illis
916 983 1111 1052 suavissimis
1149 984 1209 1051 So

281 1095 374 1190 cratis
402 1115 475 1162 cum
515 1097 680 1165 Glaucone
717 1113 748 1165 et
778 1099 946 1166 Adimanto
981 1099 1207 1180 sermonibus,

280 1211 405 1280 futuros
434 1214 494 1281 hos
522 1214 658 1281 ciuitatis
685 1214 843 1298 perfectae
861 1216 1108 1299 gubernatores,
1131 1236 1208 1299 qua·

279 1331 324 1396 les
351 1347 424 1398 osse
443 1331 599 1413 debcant,
620 1347 651 1398 et
668 1331 830 1413 quomodo
854 1349 911 1414 per
937 1331 1118 1414 disciplinas
1140 1350 1209 1416 gra·

278 1446 419 1514 vissimas
457 1449 496 1513 ad
529 1463 630 1515 tanus
673 1467 723 1515 res
761 1449 978 1531 suscipiendas
1012 1449 1211 1534 agendasque
1297 1442 1302 1451 ’

277 1563 437 1630 eraudierrdi
462 1565 722 1663 provehendique
753 1565 841 1646 sint,
875 1566 1028 1632 declarare
1065 1564 1211 1631 studebi-

277 1699 360 1746 mus.
404 1681 527 1765 inqua
557 1682 807 1768 gravissimarum
833 1701 937 1748 rerum
963 1680 1209 1763 disquisitione,

277 1797 459 1881 priusquam
478 1801 516 1865 ad
536 1800 633 1882 ipsam
654 1799 844 1864 dialecticam
865 1799 1107 1883 perveniamus,
1129 1815 1209 1863 cora-

277 1913 367 1980 tinuo
388 1916 504 1995 nobis,
523 1938 582 2003 quo
602 1915 842 2002 ualeanr‚qur'd
858 1918 955 2003 efficat
968 1938 984 1981 o
995 1919 1131 1981 marrim
1150 1913 1213 1979 dir·

276 2029 411 2114 ciplinae
429 2028 582 2109 debeant,
608 2031 832 2111 explorandum
845 2031 927 2094 erit:
951 2044 1017 2093 tum
1037 2030 1094 2093 tria
1105 2028 1213 2093 consi·

277 2141 455 2209 derabimus
481 2143 565 2208 haud
589 2161 665 2208 sane
684 2144 785 2208 levia:
804 2144 960 2227 primum,
979 2144 1213 2226 quoddiscipli·

276 2276 334 2326 nas
358 2273 503 2343 spectat,
535 2279 610 2325 naar
643 2262 684 2324 sit
711 2280 820 2324 aarum
848 2280 1005 2325 commune
1031 2259 1210 2347 quoddam,

276 2397 336 2462 qao
357 2376 725 2462 natordcoap'aogaotar
738 2377 939 2456 ,uinculum
961 2395 1027 2457 quo
1048 2391 1214 2460 perspecto

275 2492 411 2560 facilior·
443 2492 537 2558 nobis
576 2492 635 2558 erit
672 2509 897 2577 generosorum
934 2492 1109 2575 juvenum,
1141 2493 1214 2575 qui·

276 2610 337 2676 bus
368 2609 532 2706 tradendae
572 2624 690 2687 erunt,
730 2607 908 2674 institutio:
944 2609 1074 2688 deinde,
1124 2610 1212 2692 quud

272 2731 406 2816 juvenes
436 2727 496 2793 hos
518 2726 607 2810 ipsos
627 2726 761 2807 attinet,
783 2732 912 2812 quinam
937 2729 1067 2814 proprio
1084 2725 1209 2792 dicandi

270 2846 441 2934 philosophi
460 2847 523 2911 rint
536 2867 549 2908 :
570 2843 602 2908 id
623 2844 705 2909 cuim
727 2845 918 2923 tenendum,
942 2860 976 2907 ut
996 2843 1035 2908 ad
1056 2843 1208 2911 illudens

156 3045 159 3049 p
274 2964 488 3044 adducamus,
512 2960 609 3044 ‘quod
641 2959 674 3024 in
705 2959 909 3043 philosophia
941 2977 1096 3024 summum
1134 2970 1207 3023 est:

273 3081 421 3159 tandem,
461 3097 527 3161 quo
564 3091 596 3143 et
636 3076 819 3159 disciplinas
856 3090 887 3139 et
923 3075 1076 3157 juvenum
1105 3073 1209 3138 studia

274 3196 540 3273 commentemur,
560 3193 670 3279 quibos
692 3195 726 3258 lai
745 3192 916 3281 disciplinis
937 3188 1100 3255 erudiendi
1117 3206 1215 3277 praa·
1255 3246 1259 3251 .
1360 3234 1364 3240 ,

274 3310 363 3395 cipue
388 3309 476 3387 sint,
498 3326 533 3374 ur
558 3325 588 3373 aa
608 3308 828 3394 adsequantur
856 3312 1003 3376 raritatis
1025 3309 1213 3389 scientiam,

274 3440 328 3504 et,
349 3421 512 3500 adaman,
533 3422 677 3503 conferre
709 3426 799 3490 iliona
831 3426 971 3517 deinceps
997 3428 1032 3489 in
1062 3424 1213 3514 reipubli-

275 3559 330 3604 aaa
355 3540 486 3606 solutior
501 3538 633 3624 possint.

368 3788 370 3792 Α
492 3706 578 3795 Quo
606 3708 983 3791 antonomasiae,

267 3818 272 3924 Ἰ
345 3820 1153 3916 q'uidefficoro'disca‘plinaodobant?

316 4007 364 4073 Ut
399 4007 496 4092 igitur
524 4007 842 4094 disciplinarumv1m
865 4009 908 4076 ad
933 3998 1137 4096 aperiendam
1155 4026 1219 4101 ,ue-

1177 4124 1220 4190 ra·
