2992 5220
389 623 398 749 ζ
497 622 676 747 he's'rsn'e
704 624 1011 749 astricum(-
1185 645 1191 679 ⁷

285 757 295 769 ”
607 770 892 865 ΡΙΜοηίιαι,
961 764 1009 771 ”
1143 760 1148 769 ’

282 1006 288 1017 ·
319 964 463 1034 Effectus
488 970 522 1035 hi
550 971 681 1039 maxime
710 989 804 1055 suut,
827 973 860 1039 in
882 975 953 1057 ipsa
983 972 1105 1040 dicendi
1128 973 1208 1038 scri·

274 1080 433 1168 bendique
451 1099 538 1168 arte,
563 1089 740 1157 dialecticae
758 1091 948 1157 Platonicae.
1001 1090 1098 1156 Unde
1111 1089 1210 1155 intel·

274 1200 406 1284 ligitur,
439 1221 555 1285 quanta
587 1208 684 1292 hujus
718 1207 760 1275 sit
793 1208 936 1293 inprimis
966 1207 1149 1291 disciplinae
1173 1207 1212 1271 in·

275 1317 363 1382 omni
382 1319 587 1404 philosophia
607 1325 789 1390 auctoritas.
833 1326 1007 1392 caveamus
1026 1343 1124 1404 vero,
1145 1341 1209 1405 ne,

279 1434 476 1516 quod.multi
493 1439 715 1502 commiserunt
731 1439 941 1520 philosophi,
962 1456 1033 1504 cum
1053 1439 1122 1520 ipsa
1136 1440 1211 1520 phi·

274 1551 422 1634 losophia
441 1551 627 1618 dialecticam
649 1549 894 1617 confundamus.
949 1551 1010 1622 Est
1031 1552 1084 1618 illa
1103 1553 1211 1636 philo·

276 1669 408 1748 sophiae
436 1666 527 1749 quasi
554 1667 796 1736 instrumentum
826 1669 1002 1751 quoddam,
1024 1684 1061 1735 ut
1082 1669 1123 1737 do
1142 1688 1212 1735 ore·

276 1782 353 1847 teris
375 1781 548 1865 disciplinis
570 1783 790 1866 pronunciavit
811 1785 923 1864 Plato,
946 1801 1016 1850 esse
1032 1802 1084 1850 eas
1100 1783 1209 1873 dicem

276 1898 667 1966 dialecticaeadministras
687 1914 718 1966 et
739 1901 907 1986 adJutrices
924 1901 964 1966 ati
984 1900 1123 1969 animum
1140 1914 1212 1967 sur·

279 2032 351 2082 sum
370 2017 551 2101 erigendum
560 2018 612 2083 ωε
656 2017 703 2084 sic
725 2018 795 2101 ipsa
816 2019 974 2085 dialectica
992 2017 1212 2102 philosophiae

279 2135 460 2216 administra
494 2150 526 2203 et
559 2136 715 2221 adjutrix,
747 2135 939 2217 omninoque
974 2134 1071 2201 veluti
1094 2135 1213 2203 instru-

279 2268 421 2319 mentum
442 2267 492 2319 est
517 2254 557 2319 ad
578 2253 679 2337 ipsius
701 2270 816 2320 munus
843 2250 1079 2336 perficiendum.
1118 2250 1213 2317 Mu·

279 2386 342 2436 uus
369 2384 472 2437 autem
502 2368 724 2453 philosophiae
757 2370 819 2437 hoc
857 2382 907 2436 est
940 2368 1144 2452 praesertim,
1175 2382 1214 2434 ut

279 2486 320 2552 ad
339 2485 500 2553 veritatem
521 2487 704 2568 hominem,
736 2500 803 2552 tum
823 2503 899 2552 vero
921 2485 1070 2552 etiamad
1091 2485 1215 2568 sapien·

279 2603 356 2670 tiam
376 2605 498 2671 educat.
551 2603 736 2670 Absurdum
762 2622 837 2670 sane
863 2617 896 2670 et
920 2603 1087 2670 ridiculum
1117 2620 1217 2686 nego·

280 2721 360 2784 tium
379 2722 503 2786 illomm
525 2736 598 2800 est,
632 2721 689 2804 qui
722 2721 762 2787 de
786 2721 945 2787 methodis
974 2720 1152 2801 inquirendi
1179 2737 1216 2786 ac

275 2834 454 2901 disserendi
470 2835 561 2901 anxie
578 2848 752 2917 quaerrmt,
774 2854 840 2913 quo
858 2853 933 2900 vero
948 2847 1111 2914 spectent,
1136 2834 1217 2914 quid

281 2953 362 3021 effici
387 2972 491 3021 earum
520 2971 582 3018 usu
612 2950 744 3031 debeat,
776 2966 841 3015 non
869 2948 1022 3032 cogitant.
1089 2949 1217 3021 Similes

281 3071 345 3138 illis
367 3087 466 3153 suut,
488 3071 543 3152 qui
562 3072 613 3136 vel
632 3068 724 3152 armis
745 3067 796 3131 vel
815 3064 884 3131 aliis
904 3064 1150 3150 quibuscunque
1167 3066 1217 3133 in·

282 3188 467 3256 strumentis
483 3183 675 3252 elaborandis
691 3181 910 3265 poliendisque
926 3182 1101 3277 desudant,
1122 3201 1217 3250 usum

283 3322 392 3370 eorum
424 3319 490 3367 non
519 3315 641 3367 curant.
704 3301 794 3387 Plato
824 3316 930 3380 vera,
950 3344 953 3349 ·
971 3300 1010 3365 de
1038 3299 1218 3384 disciplinis

286 3439 403 3506 agens,
424 3417 639 3500 idquaerebat
659 3416 834 3498 continuo;
870 3416 957 3500 quod
976 3414 1140 3499 exquirere
1156 3436 1219 3500 po-

285 3538 440 3604 tissimum
462 3534 688 3620 philosophum
708 3537 817 3616 decet,
839 3553 932 3619 quern
958 3534 990 3599 in
1010 3533 1103 3601 finem
1123 3553 1220 3602 exco-

285 3651 394 3718 lendae
415 3666 534 3719 essent.
576 3656 619 3722 Τί
638 3655 676 3724 ἂν
696 3650 745 3722 οὖν
764 3655 833 3730 ein,
854 3650 876 3720 d
897 3654 1060 3731 ricinos,
1087 3654 1218 3737 μάθημα

286 3778 392 3855 ψυχῆς
411 3771 497 3839 ὁλκὸν
515 3772 577 3839 ἀπὸ
597 3775 650 3838 rori
670 3770 847 3850 γιγνομένου
866 3769 915 3837 ἐπὶ
935 3771 971 3838 ri
989 3769 1088 3850 dr3<⁰
1117 3768 1218 3855 Quod

447 3949 452 3957 .
1060 3957 1063 3965 ,
1160 3901 1221 3955 ut

320 4019 367 4094 (a)
383 4024 503 4096 Βεὼρ.
515 4021 584 4076 vll.
594 4022 653 4076 535.
665 4021 742 4075 DN.
759 4040 840 4093 supra
855 4023 934 4095 pqi.
970 4023 1013 4094 (a)
1024 4022 1096 4078 vll.
1106 4021 1211 4079 Samss·
