2992 5220
834 510 1008 586 ..84-

451 688 535 753 iutus
566 687 774 767 adiciebatur,
804 686 848 752 sic
873 687 974 751 oculis
998 685 1064 752 fere
1091 685 1216 754 videbat
1242 688 1389 770 pessime

449 823 485 874 se
505 806 609 890 egisse
631 803 795 883 socordis,
817 803 863 869 sic
882 804 945 868 imo
957 816 1084 886 pectore
1111 817 1143 869 et
1161 802 1278 886 patriae
1293 822 1381 870 amo·

451 941 485 988 re
504 936 535 988 et
565 924 790 1006 praeclarorum
823 917 997 985 facinorum
1033 917 1151 984 studio*
1171 918 1379 986 inflammaba-

448 1055 513 1104 tur.
569 1037 645 1126 Quo
688 1036 828 1118 factum,
866 1053 901 1101 ur
932 1039 1021 1101 solus
1051 1037 1280 1104 Demosthenes
1301 1031 1378 1102 'sola

448 1155 646 1238 eloquentiae
654 1154 802 1221 facultate
814 1155 887 1235 picas
899 1170 955 1233 per
975 1152 1153 1233 complures
1169 1171 1268 1218 annos
1278 1152 1381 1220 effice·

448 1289 482 1340 te
505 1272 544 1338 ad
567 1272 712 1337 tuendam
736 1287 768 1335 et
788 1267 966 1333 servandam
993 1264 1175 1344 Graeciam,
1216 1288 1307 1346 quam
1337 1269 1378 1334 ad

449 1389 631 1456 domandam
651 1387 816 1469 Philippus
835 1382 972 1461 astutia,
1002 1379 1108 1459 dolis,
1131 1379 1299 1462 praemiis,
1322 1399 1377 1464 pe·

449 1505 578 1588 cuniis,
610 1504 820 1580 exercitibus,
860 1498 1013 1564 classibus
1044 1496 1209 1560 diceretur.
1250 1496 1374 1582 Quodsi

446 1615 509 1699 jam
544 1612 609 1690 sit,
643 1609 697 1688 qui
726 1619 876 1687 quaerat,
904 1603 987 1668 unde
1023 1603 1097 1666 haec
1126 1600 1232 1666 divina
1262 1602 1305 1667 sit
1342 1602 1374 1668 iu

448 1723 664 1799 Demosthene
700 1718 821 1785 dicendi
869 1718 920 1785 vis
957 1731 989 1783 et
1024 1717 1156 1782 facultas
1191 1720 1376 1801 repetenda,

428 1836 511 1908 sibi
541 1855 607 1906 eam
639 1836 748 1903 debuit
775 1833 920 1919 profecto
949 1848 1107 1898 omtornm
1134 1833 1305 1918 princeps,
1329 1845 1377 1902 'ut

449 1956 512 2026 sibi
554 1973 663 2023 omnes
706 1953 821 2020 debent
857 1952 1044 2020 excellentes
1076 1949 1135 2016 viri
1163 1951 1375 2020 excellentiam
1434 1985 1439 2000 ι

447 2088 633 2152 suamet,
656 2072 716 2140 nisi
748 2071 793 2136 sic
815 2070 868 2135 ille
889 2083 980 2136 natus
1004 2068 1043 2133 ad
1063 2068 1273 2146 eloquentiam
1301 2067 1380 2134 fuis·

447 2207 518 2270 set,
552 2204 588 2255 ut
616 2186 679 2253 fuit
708 2187 746 2253 ad
786 2182 1020 2269 philosophiam
1050 2182 1221 2262 Socrates,
1240 2191 1374 2249 'tanum

448 2305 562 2373 habere
590 2304 623 2371 in
656 2300 879 2386 rempublicam
901 2298 989 2378 vim,
1022 2313 1169 2381 quantam
1195 2299 1247 2366 hic
1266 2300 1375 2368 habuit

448 2423 483 2490 in
515 2421 736 2507 philosophiae
766 2417 889 2497 studia,
917 2434 984 2482 non
1009 2416 1179 2498 potuisset.
1224 2418 1286 2484 Sed
1319 2418 1379 2484 So·

449 2539 527 2608 crati
559 2538 669 2605 debuit
709 2534 861 2602 orationis
894 2533 1138 2618 disciplinaeque
1175 2538 1376 2619 exemplum,

450 2661 515 2739 qud
541 2659 604 2720 und
636 2653 865 2730 efficacissime,
899 2650 1053 2732 quidquid
1078 2651 1163 2716 intus
1194 2649 1228 2715 in'
1251 2652 1378 2719 homine

448 2786 526 2853 est,
547 2767 733 2845 suscitatur,
757 2767 902 2847 idemque
931 2766 969 2829 ad
998 2765 1059 2829 hoc
1088 2767 1264 2848 exemplum
1290 2767 1378 2833 vide·

445 2904 499 2954 tut
531 2886 698 2952 naturalem
731 2882 898 2965 eloquendi
928 2880 1105 2949 facultatem
1142 2882 1287 2964 acuisse,
1320 2901 1375 2950 ex·

448 3002 588 3070 coluisse
622 3014 655 3064 et
689 3015 766 3063 vero
804 2997 859 3061 uni
890 2996 1072 3063 adhibuisse
1109 2998 1297 3082 reipublicae
1325 3020 1374 3067 sa·

450 3115 522 3183 luti.

490 3230 569 3300 Non
608 3229 745 3296 imitatus
780 3228 912 3297 dicendo
948 3243 998 3296 est
1034 3229 1101 3297 sive
1127 3233 1286 3299 Socratem
1309 3232 1379 3301 sive

445 3352 606 3422 Platonem
624 3348 792 3416 Oratotum
816 3365 973 3414 summus:
988 3346 1019 3413 id
1031 3346 1062 3412 in
1081 3360 1200 3414 tantum
1218 3347 1377 3434 ingenium

446 3490 513 3540 non
534 3467 683 3549 cadebat3
716 3466 772 3532 sed
799 3465 886 3549 quod
914 3466 1125 3549 colloquendo
1154 3485 1226 3532 cum
1247 3467 1378 3552 juveni·

448 3586 509 3651 bus
537 3584 569 3649 in
596 3584 737 3667 ipsorum
748 3582 863 3649 animis
883 3582 1026 3650 effecerat
1046 3585 1213 3666 Socrates,
1236 3599 1272 3650 ut
1292 3583 1376 3668 apud

447 3701 609 3770 Platonem
637 3699 832 3783 reperiebat,
873 3698 904 3764 id
933 3700 1007 3781 ille,
1038 3701 1087 3765 his
1124 3701 1201 3782 ipsis
1235 3700 1375 3764 imbutus

451 3816 627 3885 Socraticae
654 3816 836 3899 disciplinae
859 3814 1048 3898 principiis,
1081 3832 1178 3893 quum
1207 3813 1245 3877 ad
1273 3812 1378 3878 dicen·

445 3933 524 4002 dum
549 3949 586 3999 se
609 3931 769 4012 dedisset,
789 3932 822 3997 in
841 3928 979 4017 universi
1000 3926 1113 4011 populi
1135 3927 1243 3995 animis
1263 3928 1375 3998 efficie-

449 4051 504 4118 bat
527 4061 654 4134 sponte.
697 4045 775 4114 Erat
804 4047 866 4113 hoc
894 4057 998 4112 autem
1022 4043 1199 4131 ejusmodi,
1220 4059 1258 4112 ut
1276 4049 1376 4132 pude.

1330 4176 1377 4230 ret
