2992 5220
499 484 729 549 ‚··-,71-‘

72 619 105 740 ‚⁵
164 663 319 730 tamquam
349 647 476 732 igniculi
498 648 529 714 in
550 647 650 730 ipsius
677 663 781 715 mente
805 653 914 715 naturd
939 651 1090 735 nterea,

162 763 294 830 sublatis
321 762 572 847 impedimentis,
600 779 820 848 moverentur,
842 767 1099 851 suscitarentur„

55 937 58 940 ,
163 880 408 962 reviviscerent,
430 896 534 964 ,atque
564 881 633 965 ipse
661 880 704 947 ita
730 883 825 948 homo
855 883 945 966 quasi
973 902 1087 952 novun

162 1017 313 1080 suamque
341 999 434 1064 vitum
463 999 642 1081 ingressus,
665 999 734 1065 talis
763 998 871 1079 fieret,
893 1001 994 1083 qualia
1019 1019 1090 1068 esse

161 1116 273 1180 natura
301 1113 370 1199 ipse
399 1116 458 1179 sud
488 1129 520 1180 et
550 1114 655 1180 indole
689 1129 799 1199 posset
826 1129 921 1199 atque
947 1115 1086 1184 deberet.

162 1229 248 1298 Huic
278 1230 491 1310 institutioni,
518 1248 685 1312 sanequam
705 1246 831 1333 naturae
857 1213 1092 1301 convenimtis·

60 1402 62 1407 .
160 1346 274 1427 simae,
296 1365 387 1411 unam
416 1364 488 1412 esse
511 1353 684 1430 μαιωτικὴν
712 1348 997 1431 accommodatam,
1019 1352 1103 1434 qui„

160 1460 210 1529 eia
242 1479 326 1528 unus
351 1480 390 1528 ex
408 1461 500 1527 dictis
525 1463 693 1546 perspicit;
717 1465 772 1529 sed
793 1482 885 1529 nemo
905 1480 955 1534 est
974 1465 1094 1548 etiam,

143 1587 144 1590 ’
161 1577 237 1660 quin
250 1577 322 1645 item
342 1579 510 1663 perspiciat
523 1625 535 1659 ,
546 1578 669 1644 absolvi
680 1598 744 1645 earn
756 1579 864 1664 paucis
881 1583 933 1647 vel
952 1581 1088 1665 diebus,

159 1697 211 1762 vel
239 1694 420 1775 mensibus,
442 1697 492 1762 vel
511 1695 602 1760 annis
633 1696 725 1760 etiam
752 1714 820 1762 non
844 1716 969 1781 posse,
999 1717 1089 1783 pree·

158 1812 334 1894 claramque
368 1829 438 1876 esse
465 1813 533 1894 ejus
567 1810 746 1893 fortunam,
785 1812 840 1896 qui
866 1832 883 1878 a
907 1833 1008 1902 puero
1041 1815 1088 1882 sic

160 1946 274 2008 ursus,
317 1928 376 1994 sub
406 1927 490 1992 vitae
518 1927 635 2007 iinenr,
673 1927 760 2010 quod
788 1942 1003 2011 spectaverat,
1044 1930 1088 1999 sit

62 2024 74 2079 ἶ
159 2060 335 2112 assecutus.
379 2045 441 2112 Sed
465 2045 606 2126 quamvis
628 2062 692 2108 non
713 2044 858 2112 miracula
878 2046 1089 2131 produceret,

160 2163 220 2229 hoc
249 2162 379 2229 habebat
408 2163 545 2230 Socratis
576 2160 761 2245 disciplina,
783 2177 819 2227 ut
844 2180 901 2246 per
929 2181 994 2230 eam
1015 2152 1105 2247 quis

114 2343 116 2349 .
161 2281 251 2347 unice
281 2279 328 2346 sic
351 2281 558 2363 procederet,-
580 2280 763 2362 celeresque
792 2267 908 2348 faceret
933 2265 993 2365 pro
1020 2297 1088 2348 stu·
1158 2323 1160 2330 ·

137 2394 279 2460 ‘diorum
308 2394 457 2479 gravitate
487 2414 687 2480 progressus.
743 2372 826 2460 Nam
853 2411 888 2461 ut
916 2397 1012 2463 homo
1025 2448 1027 2452 ,
1040 2400 1087 2464 sic

27 2509 45 2548 '·
158 2525 245 2576 totus
274 2512 466 2595 penitusque
487 2513 706 2591 excoleretur,
738 2511 922 2577 addiscenda
947 2532 996 2578 ars
1023 2530 1090 2580 erat

158 2647 219 2696 una
256 2627 395 2694 omnium
438 2630 531 2714 longe
571 2629 771 2709 difficillima,
816 2642 851 2693 ut
882 2632 1088 2715 semetipsum

157 2760 374 2833 cognosceret.
426 2747 571 2812 Socrates
596 2761 699 2814 autem
728 2747 947 2832 interrogando
970 2769 1090 2833 propo·

156 2862 332 2947 urendisque
363 2863 601 2944 quaestionibus
632 2863 827 2949 gravioribus
859 2865 944 2930 intus
972 2868 1089 2935 sollici·

157 2983 241 3051 tabat
269 2981 302 3047 in
332 2981 583 3047 adulescentibus
611 2982 767 3061 animum,
790 2995 826 3047 ut
857 3002 944 3048 amor
974 2976 1087 3071 excita·

155 3114 243 3168 rettur
269 3100 359 3181 veri,
389 3099 656 3181 convertebatque
681 3119 736 3166 eos
759 3100 796 3165 ad
823 3101 1011 3183 semetipsos
1041 3102 1089 3168 in·
1200 3165 1201 3168 ,

82 3203 84 3207 ’
155 3221 290 3286 tuendos
310 3233 343 3285 et
361 3219 565 3302 judicandos:
590 3218 673 3283 unde
691 3218 817 3300 pudor,
833 3234 926 3299 quem
941 3217 1088 3285 oboriens

156 3336 264 3425 subito
297 3334 330 3399 in
351 3334 438 3417 genis
464 3334 563 3397 rubor
587 3332 737 3414 prodebat
767 3333 945 3398 identidem.
986 3322 1088 3400 Semel

155 3461 259 3516 entem
289 3449 333 3514 ita
360 3460 392 3514 et
425 3449 532 3512 studio
571 3446 709 3512 discendi
749 3446 926 3512 inflammati
960 3456 991 3522 et
1028 3448 1090 3532 ipsi

157 3564 342 3660 semetipsos
380 3562 595 3645 corrigentes,
637 3580 756 3645 perque
785 3560 970 3643 semetipsos
1006 3562 1090 3646 opti·

155 3683 216 3750 ntis
240 3682 422 3766 quibusque
453 3696 484 3746 et
513 3678 633 3746 artibus
664 3693 697 3745 et
724 3677 875 3744 doctrinis
904 3678 1089 3762 studentes,

155 3821 226 3868 curn
259 3798 536 3887 progrediebantur
572 3795 684 3875 facile,
727 3809 794 3860 turn
826 3793 897 3859 illos
935 3793 1089 3864 faciebant
1174 3820 1175 3825 ¹

156 3937 366 4003 progressus,
400 3915 484 4001 qui,
508 3917 739 3998 qualescunque
761 3911 905 3990 tandem,
948 3910 1087 3996 ipsorum

158 4030 255 4099 indoli
279 4048 466 4128 naturaeque
491 4047 596 4102 essent
627 4029 771 4117 congrui.
827 4028 960 4097 Cavisse
985 4043 1088 4093 autent

944 4147 951 4160 '
997 4141 1083 4208 vide-
