2992 5220
516 477 687 537 ..29-

155 672 183 682 .,
231 631 270 688 re

391 728 505 815 Quid
533 745 586 796 ott
617 728 816 796 discere?

151 997 406 1067 ·Proferendum
435 999 488 1064 hle
521 997 615 1064 nobis
648 997 797 1080 placitum
827 997 965 1065 Platonis
995 1012 1069 1081 est,

139 1116 228 1198 quod
257 1129 384 1181 nostrae
418 1134 493 1182 sane
523 1113 769 1199 philosophandi
800 1113 913 1178 rationi
946 1114 1074 1180 minime

138 1233 317 1297 conveniat.
362 1234 494 1297 Discere
513 1229 623 1295 statuit
644 1230 697 1295 ille
716 1230 801 1294 nt‘ht'l
819 1226 913 1294 aliud
931 1249 992 1295 este
1013 1231 1076 1295 nisi

141 1348 309 1412 reminisci.
347 1345 458 1429 ‘Cujus
484 1344 659 1410 sententiae
676 1343 727 1410 vis
746 1362 786 1410 ex
806 1343 955 1425 sublimi,
978 1363 1073 1425 quem
1146 1426 1151 1437 .

142 1460 236 1525 modo
259 1460 499 1526 memoravimus
530 1460 664 1542 iterum,
685 1461 835 1526 amatorio
862 1462 981 1544 hymno
1001 1479 1074 1544 per-

140 1576 268 1660 cipitur.
312 1576 575 1645 Reminiscentiae
607 1578 671 1644 illic
701 1579 818 1645 mentio
848 1577 961 1659 fiebat,
993 1598 1075 1661 quae

82 1714 87 1720 ·
142 1704 309 1776 superesse
347 1695 487 1762 hominis
528 1695 630 1762 animo
673 1695 849 1761 etiamnunc
890 1694 1073 1777 dicebatur,

143 1824 312 1893 postquam
340 1782 430 1876 coelo
460 1813 567 1893 lapsus
600 1811 632 1877 in
663 1812 743 1878 hanc
775 1814 934 1879 demersus
962 1826 1074 1879 terram
1113 1812 1119 1823 '

143 1938 214 2007 cst,
239 1927 343 1992 locum
371 1924 519 1994 scientiae
546 1943 578 1993 et
608 1930 732 1997 veritati
757 1931 960 2001 contrarium.
1003 1931 1075 1996 Noc

144 2060 220 2108 vero
249 2043 309 2109 hoc
340 2058 456 2111 temere
484 2045 526 2112 ita
553 2047 686 2129 posuit,
724 2067 790 2130 quo
827 2047 946 2114 scilicet
984 2046 1076 2112 fabu-

145 2161 204 2225 lam
247 2161 461 2229 suavissimam
502 2164 730 2231 commendaret
769 2165 885 2250 magis:
930 2165 1013 2231 serio
1042 2164 1076 2230 id

144 2276 226 2341 idem
254 2278 285 2342 in
313 2280 396 2343 haud
429 2299 493 2345 uno
524 2300 668 2348 sermone
690 2302 761 2348 cum
781 2283 984 2364 memoravit,
1006 2298 1074 2349 tum

144 2394 291 2476 probavit
314 2397 412 2476 ade03
444 2410 476 2462 et
505 2416 581 2462 vero
609 2399 654 2462 sic
689 2417 754 2462 rem
783 2413 970 2479 persecutus
1001 2412 1074 2478 est,
1171 2420 1173 2425 ·

144 2525 201 2589 nt,
223 2509 251 2574 sl
280 2510 383 2574 minus
411 2511 593 2592 persuadeat
620 2512 738 2591 nobis,
767 2529 802 2576 ea
830 2526 931 2576 tomen
959 2512 1077 2578 dixisse

144 2625 310 2705 videatur,
334 2645 413 2708 quae
432 2601 503 2691 curn
527 2627 657 2693 veritate
682 2629 851 2713 conjuncta
875 2641 1081 2695 censeantur,

134 2714 304 2828 'Quocirca
335 2759 496 2807 sermones
532 2741 603 2806 illos
634 2741 748 2808 Cicero
783 2743 927 2809 lubenter
953 2742 1104 2829 citavit„

144 2860 180 2924 In
210 2859 266 2923 illo
291 2858 431 2925 Platonis
451 2858 555 2941 libro,
585 2860 652 2939 ait,
686 2860 742 2943 qui
785 2861 966 2926 inscribitur
1004 2860 1106 2952 Mes

144 2993 208 3057 no,
230 2976 396 3058 pusionem
427 2977 589 3058 quemdam
619 2977 765 3043 Socrates
791 2977 961 3063 interrogat
982 2994 1077 3060 quae·

145 3095 214 3159 dam
237 3093 423 3178 geometrica
443 3095 481 3160 de
502 3094 696 3161 dimensione
717 3095 881 3178 quadrati:
904 3095 943 3160 ad
970 3114 1005 3161 ea
1030 3096 1076 3162 sic

146 3211 199 3277 ille
221 3212 414 3294 respondet,
449 3225 484 3274 ut
503 3231 605 3294 puer;
629 3228 661 3279 et
696 3228 797 3278 tamen
824 3215 868 3279 ita
896 3212 1002 3280 faciles
1029 3214 1078 3279 in-

144 3328 369 3411 terrogationes
401 3342 496 3407 sunt,
519 3343 555 3394 ut
586 3330 734 3411 gradatim
754 3331 948 3412 respondens
968 3332 1077 3396 eodem
1137 3376 1140 3385 -

145 3442 327 3525 perveniat,
349 3458 416 3522 qno
439 3442 467 3506 si
497 3444 681 3526 geometrica
709 3444 881 3510 didicisset.
932 3447 984 3511 Ex
1012 3465 1079 3527 quo

61 3566 62 3569 ’
145 3555 224 3624 ellici
241 3559 311 3622 vult
333 3558 499 3638 Socrates,
522 3573 558 3623 ut
587 3559 708 3625 discere
736 3561 813 3626 nihil
839 3562 923 3627 aliud
945 3563 987 3629 sit
1014 3562 1078 3630 nisi

151 3673 317 3740 recordari.
340 3681 374 3725 o>
395 3675 521 3760 Dialogi
542 3676 627 3741 illius
647 3678 783 3759 quaesit
803 3677 904 3748 forma
923 3695 955 3748 et
978 3681 1078 3764 ratio,

146 3792 294 3876 deinceps
317 3791 486 3858 identidem
521 3794 774 3880 explorabimus:
809 3797 860 3864 hlc
889 3799 1079 3868 animadver-

1020 3932 1076 3983 trs·

186 4015 226 4086 (ι)
246 4018 305 4076 eie.
324 4022 405 4077 Tute.
425 4021 449 4078 1.
467 4023 510 4079 24.
