2992 5220
648 474 857 530 'ri-200·—

288 615 467 725 ‘'principiis
490 619 616 725 debent.
645 642 742 707 -Narn
758 672 762 678 ·
776 657 811 709 ur
844 641 1041 727 dialogorum
1072 643 1162 725 iere,
1185 645 1227 711 iti

266 757 488 855 'scriptorum
527 757 687 841 Platonis,
719 759 871 843 analytica
903 759 982 824 ratio
1008 775 1075 828 est.
1131 758 1230 826 Refe-

290 864 375 947 'mtnt
395 854 529 939 manuam
543 874 654 959 illurn,
675 878 767 960 cujus
791 876 981 942 mentionem
996 877 1059 961 jam
1073 875 1228 959 fecimus,

300 987 513 1071 dialecticam,
536 993 600 1072 qui
628 992 723 1057 homo
746 992 778 1057 in
800 991 909 1059 mediis
938 991 1033 1058 rebus
1060 1008 1227 1073 versatus,

290 1104 383 1188 'quae
413 1105 518 1186 videt,
551 1126 632 1189 quae
661 1108 771 1189 audit,
817 1128 897 1190 quae
922 1108 1078 1175 sensibus·
1099 1108 1228 1174 omnino

299 1220 457 1310 percipit,
479 1223 604 1291 sibimet
623 1226 692 1310 ipse
708 1216 863 1292 cernendo
887 1226 1113 1310 iungendoque
1131 1224 1232 1308 expli·

299 1356 362 1409 cat.
405 1339 507 1428 Quam
532 1341 672 1409 referunt
695 1342 811 1425 pariter
837 1341 986 1406 rationem
1017 1360 1089 1405 cum
1112 1343 1230 1407 drama·

285 1467 332 1523 'ta
355 1459 543 1545 tragicorum
575 1475 607 1522 et
626 1456 841 1536 comicorum,
872 1469 940 1522 tum
972 1457 1133 1538 epicorum
1160 1475 1228 1523 car-

288 1572 406 1655 ·'min'a,
429 1557 491 1639 imo
516 1590 592 1638 vero
620 1571 777 1637 Herodoti
802 1572 1057 1655 scriptorumque
1081 1572 1153 1638 libri
1172 1566 1228 1638 eo·

290 1668 391 1770 rum,
432 1689 487 1772 qui
514 1691 683 1755 naturalem
721 1689 897 1771 exponendi
937 1689 1087 1755 rationem
1127 1673 1229 1755 secuti

285 1801 374 1870 ‘sunt
411 1805 552 1872 maxime.
617 1805 812 1889 Analqnicam
847 1807 926 1870 hanc
957 1805 1112 1871 scribendi
1136 1808 1231 1872 tatio·

283 1926 370 1988 ‘item
400 1932 468 1987 non'
490 1923 530 1989 de
560 1922 711 1989 industria
733 1922 884 2005 explicuit
903 1924 1013 2004 Plat03
1037 1923 1093 1989 sed
1120 1937 1169 1990 est
1195 1942 1230 1991 ea

298 2037 474 2106 dialecticae
505 2039 605 2124 ipsius
632 2057 857 2120 consentanea,
879 2057 910 2107 et
943 2060 1045 2123 vero,
1067 2042 1117 2121 si,
1140 2044 1228 2123 quod

298 2157 499 2242 philosophis
538 2159 633 2223 modo
660 2157 837 2238 suasimus,
868 2156 1056 2242 investigare
1085 2159 1119 2224 in
1158 2160 1227 2242 eJus

297 2272 427 2356 scriptis
462 2259 706 2358 philosophandi
730 2274 817 2356 quasi
844 2275 920 2342 locat
951 2275 1108 2356 velimus,
1138 2293 1230 2357 repe·
1322 2280 1328 2292 '

296 2368 412 2460 riemus
431 2391 523 2457 facilc
551 2392 719 2458 sententias
745 2392 918 2481 quasdam,
940 2393 1096 2485 equibus
1118 2407 1150 2458 et
1173 2410 1230 2460 na·

296 2512 425 2575 ruralem
457 2509 538 2574 illant
572 2529 662 2591 quam
687 2510 846 2590 diximus,
876 2508 1062 2576 dialecticam
1087 2526 1119 2576 et
1146 2510 1227 2578 hanc

294 2626 476 2710 analyticam
500 2627 654 2693 scribendi
680 2627 855 2710 rationem,
889 2627 989 2710 qualis
1017 2615 1083 2708 sit',
1111 2626 1232 2692 efficia.

294 2761 379 2809 mus.
427 2742 475 2806 Ut
505 2761 600 2808 artem
630 2745 784 2810 scribendi
820 2761 1056 2824 assequerentur
1085 2743 1225 2808 Platoni-

282 2866 361 2924 'cam
391 2857 614 2940 exquirendum
646 2859 698 2923 hic
727 2859 820 2922 nobis
854 2857 1106 2939 proposuimus,
1149 2858 1229 2940 quid

294 2979 435 3063 cogitare
455 2974 517 3057 sit,
539 2976 615 3058 quid
642 2974 767 3055 dicere,
790 2973 865 3054 quid
891 2975 1046 3039 scriberet
1071 2993 1152 3055 quae
1171 2993 1233 3041 no·

294 3112 335 3160 va
362 3091 447 3159 forte
474 3093 683 3174 quibusdam,
714 3106 797 3154 certe
830 3108 848 3154 a
879 3089 1001 3174 vulgari
1023 3093 1228 3158 consuetudi·

278 3211 337 3278 'ne
355 3212 526 3274 abhorrens
548 3206 738 3288 disquirendi
763 3207 843 3272 ratio
872 3206 1034 3274 videatur:
1057 3222 1106 3273 ost
1124 3225 1228 3276 autem
1275 3281 1277 3285 ,

276 3307 442 3409 entique,
465 3323 582 3406 quippe
611 3339 759 3406 usurpata
789 3344 806 3389 a
835 3325 989 3404 Platone,
1021 3342 1071 3404 et,
1103 3325 1131 3391 si
1165 3345 1228 3406 qua

280 3438 373 3523 'uiia‚
404 3456 531 3508 maturae
555 3459 758 3526 congruens3
791 3441 938 3507 abhorret
967 3460 1043 3506 vero
1073 3449 1159 3521 t‘otr,
1189 3457 1229 3507 ut

274 3556 403 3626 'omnes
432 3558 516 3642 apud
555 3556 712 3623 Platonem
753 3557 791 3624 de
821 3555 978 3621 dialectica
1005 3567 1037 3618 et
1074 3554 1231 3623 rhetorica

275 3672 546 3757 disputationes,
579 3696 595 3740 a
630 3673 889 3740 scholasticorum
917 3671 1078 3738 hominum
1101 3687 1133 3739 ct
1162 3689 1231 3740 stu·

213 3863 219 3873 ,
290 3789 353 3862 dlis
371 3805 403 3856 ct
423 3793 662 3858 consuetudine.
708 3792 770 3856 Sed
800 3810 879 3875 age,
902 3790 957 3855 hes
987 3789 1086 3874 igitur
1116 3810 1229 3873 quaes·

241 3974 245 3982 .
289 3910 416 3990 times,
438 3908 640 3993 interpretem
670 3907 772 3980 satuti
790 3909 951 3975 Platortem
983 3923 1225 3991 noemamfem

288 4024 406 4115 piicuoe
427 4044 590 4095 conemur.

329 4134 341 4151 '
1186 4142 1227 4210 Ιι
