2992 5220
789 420 982 483 -144-

424 586 486 665 tia,
509 580 749 664 reputabatur,
772 600 916 663 sumnia,
941 581 973 646 in
993 596 1292 668 utramquepartem
1312 589 1353 656 de

423 701 533 769 eodem
578 713 760 784 argumento
797 696 930 782 copiose
960 697 1228 784 probabiliterque
1255 703 1353 773 disse·

425 817 511 885 rendi
525 840 540 899 ,·
569 834 661 899 quam
680 828 721 907 ut
747 815 855 881 docuit
877 814 1089 897 Aristoteles,
1123 815 1166 882 ita
1194 816 1353 887 factitasse

424 933 555 1019 dialogis
581 932 651 999 suis
676 930 776 999 videri
801 944 931 1015 potest,
952 932 1030 998 hanc
1057 935 1217 1015 quomodo
1235 935 1352 1005 Cicero

424 1051 458 1119 in
484 1050 553 1117 aliis
572 1048 721 1133 scriptis,
749 1062 815 1115 tum
837 1047 982 1133 inprimis
1011 1048 1050 1116 da
1069 1048 1186 1135 finibus
1207 1067 1270 1121 tarn
1296 1054 1355 1125 mi.

423 1164 561 1233 rabiliter
579 1163 733 1249 explicare
754 1164 934 1248 potuisset,
955 1164 1017 1230 nisi
1042 1164 1182 1251 dialogos
1209 1168 1356 1253 scripsis·

424 1283 500 1349 setl
521 1283 584 1349 Sed
605 1297 702 1349 artem
727 1282 806 1347 hanc
824 1281 925 1364 ipsam
951 1279 1099 1365 reprobat
1125 1282 1353 1370 philosophia,

427 1398 463 1465 si·
488 1398 614 1483 quidem
643 1397 833 1466 audientium
869 1397 994 1481 studia',
1037 1417 1131 1481 quam
1160 1398 1227 1466 veri
1248 1400 1354 1486 inqui·

426 1516 515 1585 rendi
534 1514 748 1600 diligentiam,
773 1515 871 1600 magis
892 1528 1025 1598 spectet.
1047 1513 1120 1591 Nec
1141 1529 1190 1581 est
1206 1516 1284 1597 quin
1307 1514 1354 1583 fa-

425 1645 550 1712 teatur,
567 1633 654 1714 ¹plus
682 1630 880 1710 eloquentiae
900 1631 932 1692 in
955 1629 1085 1714 dialogis
1101 1629 1268 1698 -tribuisse
1295 1633 1353 1701 ci·

407 1762 588 1823 temonem,
611 1762 703 1825 quam
719 1740 856 1826 simplici
872 1739 1012 1807 veritatis
1034 1740 1236 1827 indagationi.
1278 1744 1352 1811 Alis

381 1886 389 1902 ·
424 1874 477 1929 est-
491 1862 649 1945 longeque
662 1858 784 1925 diversa
804 1858 1035 1925 Platonicorum
1063 1857 1258 1944 dialogorum
1275 1878 1353 1929 con·

425 1976 525 2067 ditio,
546 1989 674 2041 naturae
694 1973 855 2058 ipsorum,
878 1994 971 2058 quam
982 1974 1351 2060 diximumeongruens.

424 2093 517 2179 Bam,
531 2092 647 2159 habent
674 2111 747 2173 cum
779 2089 916 2157 auctoris
947 2090 1150 2175 philosophia
1176 2093 1352 2159 necessitu-

425 2211 548 2291 dinem,
571 2224 607 2274 ut
631 2226 694 2275 una
723 2208 797 2275 haec
810 2222 904 2275 esset
925 2207 1079 2275 scribendi
1107 2208 1214 2289 rado,
1235 2227 1299 2292 qua
1318 2224 1351 2276 et

426 2342 539 2415 sensus
564 2343 651 2390 -suos
683 2342 792 2390 omnes
812 2321 967 2407 explicare
991 2337 1024 2389 et
1054 2323 1181 2406 explere
1195 2317 1351 2390 scribendi

426 2441 626 2533 propositum
653 2459 745 2506 suum
775 2455 897 2524 posset.
940 2440 977 2506 Id
997 2453 1101 2507 autem
1132 2439 1212 2506 effici
1238 2440 1354 2509 intelli·

426 2560 546 2643 gique,
581 2557 643 2624 nisi
668 2576 707 2624 ex
736 2558 862 2643 propria
883 2577 993 2625 eorum
1018 2572 1049 2623 et
1073 2558 1237 2624 Socratica>
1260 2559 1353 2641 plane

427 2676 568 2757 radone,
590 2694 655 2740 non
679 2688 800 2759 potest.
1171 2668 1194 2747 J

469 2792 552 2859 Nam
573 2810 653 2875 quae
672 2790 892 2876 distinguendo
911 2793 1060 2860 hactenus
1079 2791 1119 2858 de
1137 2790 1264 2875 scriptis
1285 2792 1355 2860 Pla·

427 2908 514 2976 tonis
544 2907 835 2989 animadvertimus,
865 2927 903 2974 eo
931 2911 1060 2991 ualent,
1095 2920 1145 2992 gne
1170 2909 1246 2977 haec
1280 2928 1353 2978 cuna

426 3025 557 3094 aliorum
587 3024 718 3107 dialogis
749 3023 1002 3106 confundamus;
1045 3039 1081 3091 ut
1123 3044 1199 3092 vero
1232 3024 1355 3108 privam

427 3159 535 3209 eorum
569 3137 793 3222 propriamque
826 3138 976 3203 virtutem
1003 3140 1237 3222 percipiamus,
1277 3138 1354 3204 satis

426 3256 530 3323 valere
547 3272 614 3320 non
637 3253 794 3320 videntur.
838 3252 900 3321 Est
917 3266 1021 3320 autem
1048 3252 1118 3319 talis
1140 3252 1209 3333 illa,
1231 3255 1354 3336 qualem

427 3375 499 3467 ipse
515 3373 549 3439 in
570 3370 710 3441 Phaedro
734 3374 912 3455 spectavit,
935 3389 1032 3453 quum
1052 3372 1092 3439 de
1112 3370 1233 3456 optimo
1250 3371 1355 3439 unice·

428 3509 493 3583 pue
514 3509 590 3558 vero
619 3488 774 3557 scribendi
791 3506 904 3575 gerere
918 3489 1124 3574 praeciperet.
1166 3490 1250 3558 Nam
1276 3509 1356 3575 pau·

427 3604 474 3675 cis
511 3607 671 3695 exceptis,
710 3620 815 3690 partes
851 3605 949 3671 iniis
984 3605 1131 3673 omnibus
1170 3606 1352 3690 praecipuas

426 3720 520 3817 babet
549 3723 711 3789 Socrates:
746 3718 904 3786 inducitur
929 3735 1031 3786 autem
1062 3720 1140 3799 ille,
1170 3720 1257 3803 quod
1276 3718 1354 3784 scri·

428 3838 534 3908 hendo
568 3837 710 3924 inprimis
742 3836 935 3905 efficiendum
967 3850 1052 3900 ratus
1085 3836 1174 3900 Plato
1203 3847 1271 3916 est,
1302 3854 1357 3903 ex·

428 3955 526 4025 citans
556 3952 778 4027 inhominem
807 3949 916 4021 animia
940 3949 1041 4035 pulcri
1067 3947 1232 4039 bonnae,
1266 3970 1364 4038 pra&

1292 4085 1356 4135 m-
