2992 5220
809 467 920 529 ⁹34
941 480 985 498 ’-

432 608 686 719 encyclopocdia,
710 628 763 695 sed
789 627 945 712 ejusmodi
965 629 1223 712 encyclopaedia,
1248 655 1307 715 qua
1330 651 1362 709 et

436 751 549 829 attium
581 748 727 829 universe
753 764 788 809 nc
806 744 1017 825 doctrinarum
1045 744 1210 813 discrimen
1229 764 1262 815 et
1281 766 1364 817 utra·

432 884 571 949 rumque
596 863 786 948 singularum
828 875 937 929 natura
969 876 1002 927 et
1031 861 1231 945 propositum
1268 880 1366 949 atque

433 983 537 1064 omnis
563 981 685 1063 illatum
713 979 807 1061 quasi
829 978 911 1045 orbis
937 993 1159 1062 exponuntur,
1200 983 1363 1051 docemur·

433 1117 500 1181 que
526 1097 647 1179 simpl,
670 1095 757 1180 quod
782 1112 930 1178 quaereie
956 1113 1089 1178 omnes,
1113 1097 1168 1180 qui
1183 1113 1266 1171 actes
1288 1102 1362 1169 doc·
1388 1081 1391 1086 ⁸

431 1216 594 1299 minasque
616 1228 769 1295 tractant,
798 1228 829 1280 et
856 1211 993 1297 primum
1016 1228 1047 1279 et
1073 1215 1206 1285 maxime
1227 1219 1362 1303 debent,
1431 1202 1436 1209 ⁶

431 1352 515 1416 quae
538 1335 622 1418 justa
653 1353 710 1417 pcr
742 1333 808 1402 illas
841 1330 979 1395 hominis
1006 1337 1190 1406 marisia
1218 1335 1284 1417 sit,
1325 1353 1362 1403 ut

430 1451 619 1532 incivitate
645 1451 703 1514 sun
730 1448 776 1513 sic
804 1444 890 1511 vivat
921 1458 1053 1527 agatque
1082 1445 1276 1533 aliquando,
1315 1453 1363 1519 uti

430 1582 463 1645 et
484 1567 587 1641 ciuem
618 1563 737 1631 bonum
766 1579 801 1627 ac
829 1561 991 1627 custodem
1023 1576 1055 1628 et
1079 1561 1254 1644 perfectum
1286 1567 1363 1635 civi.

429 1680 503 1759 tatis
529 1677 770 1764 gubernatorem
796 1677 897 1745 decet.
927 1716 972 1729 —
1002 1678 1084 1745 Late
1109 1679 1170 1749 hoc
1199 1703 1363 1768 argumen-

427 1809 496 1873 tum
524 1808 630 1880 patet,
651 1809 705 1876 et,
728 1795 755 1860 Si
783 1794 908 1876 <illudo
936 1794 987 1860 his
1014 1794 1288 1878 disquisitionibus
1313 1817 1362 1867 roe

426 1927 490 1993 tam
527 1910 680 1995 fuerimus
717 1912 858 1991 Platonis
898 1913 1133 1999 philosophiam
1170 1920 1360 2003 complexi,

426 2045 543 2115 sponte
566 2048 623 2109 sua
646 2031 780 2097 lectores
803 2029 881 2094 hanc
904 2032 972 2096 sive
996 2035 1267 2115 encyclopaediam
1292 2038 1362 2104 sive

426 2146 658 2232 philosophiam
684 2146 803 2213 nostris
833 2148 1027 2231 temporibus
1055 2155 1359 2234 accommodabunt3

425 2269 562 2343 sedhic
590 2286 654 2337 tem
683 2267 904 2343 adumbrasse,
927 2266 965 2328 ad
990 2283 1120 2347 otmque
1147 2269 1359 2354 philosopho·

422 2405 493 2463 tum
515 2385 617 2453 studia
639 2379 836 2446 convertisse
862 2378 1006 2444 sufficiat.

431 2556 436 2563 .
466 2501 576 2583 Ergo,
599 2513 751 2578 quaenam
776 2494 841 2576 sit,
865 2514 958 2577 quam
980 2496 1195 2581 exquirimus,
1217 2501 1360 2584 philoso-

424 2617 487 2699 pha
517 2627 651 2695 natura,
682 2613 834 2695 quodque
861 2631 933 2679 esse
959 2627 991 2681 et
1019 2617 1112 2698 quale
1140 2618 1281 2686 videatur
1310 2642 1360 2686 ar·

424 2732 503 2799 dam
525 2730 665 2799 omnium
687 2743 720 2797 et
735 2729 969 2812 disciplinarum
987 2752 1154 2801 commune
1174 2737 1357 2820 vinculum,

423 2865 461 2918 ut
486 2847 625 2916 Socratis
655 2865 716 2913 nos
745 2846 921 2913 docuerunt
952 2867 1024 2913 curn
1051 2848 1219 2917 Adimanto
1240 2869 1360 2918 sermo·

424 2986 507 3053 nes,
529 2968 571 3033 ita
600 2964 767 3035 Ciceronis
798 2965 968 3030 illustravit
996 2967 1197 3048 exemplum,
1220 2969 1359 3049 quitum

422 3088 487 3156 vita
512 3084 689 3169 studiisque
709 3102 802 3165 quam
821 3080 949 3165 scriptis
965 3081 1105 3148 Platonis
1126 3084 1358 3169 philosophiam

420 3201 653 3285 comprobavit.
710 3200 781 3264 Nec
816 3197 979 3265 mirabitur
1008 3203 1070 3285 jam
1104 3201 1279 3286 quispiam,
1312 3205 1360 3272 illi

421 3316 566 3395 homini,
597 3315 650 3381 cui
679 3313 754 3380 insit
783 3316 904 3382 indoles
933 3319 1065 3398 haecce,
1097 3322 1236 3386 omnium
1253 3323 1361 3390 inesse

420 3432 494 3499 item
525 3430 637 3495 artium
670 3431 946 3514 doctrinarumque
973 3451 1138 3517 amorem,
1173 3447 1232 3510 ut,
1270 3437 1358 3502 nullh

419 3551 599 3628 contemti,
631 3567 692 3613 suo
713 3548 852 3630 singulas
879 3550 1001 3618 honore
1031 3545 1166 3626 habeat,
1201 3547 1358 3618 utnversis

419 3668 497 3733 adeo
523 3664 725 3748 perlubenter
746 3667 882 3733 studeat.
927 3665 1009 3728 Nam
1039 3681 1111 3728 curn
1130 3681 1237 3731 omnes
1257 3667 1358 3736 fluxe·

418 3781 483 3849 rint
519 3799 558 3847 ex
597 3783 790 3863 optimorum
828 3779 1025 3862 ingeniorum
1057 3779 1186 3863 optimis
1213 3785 1355 3866 studiis,

419 3916 486 3967 non
510 3912 646 3980 possunt
669 3917 734 3965 non
757 3897 803 3963 illi
824 3896 940 3962 amicae
958 3913 1028 3962 esse
1045 3910 1076 3963 et
1098 3897 1355 3980 acceptissimae,

418 4017 547 4118 &emm
576 4013 662 4094 fere,
685 4033 742 4097 per
770 4013 991 4097 cognationem
1015 4014 1213 4095 cuissinue,
1236 4013 1359 4096 quippe

1302 4135 1357 4215 qui
