2992 5220
785 481 834 508 ..
856 473 964 536 40..

434 651 531 716 quum
552 633 584 698 in
605 633 706 715 pulcri
726 650 920 699 versaremur
938 612 1160 722 philosophia:
1185 631 1238 695 hlc
1259 645 1362 697 autem

433 765 542 814 eorum
570 747 751 829 reminisci,
794 763 830 813 ut
864 749 931 814 veri
967 766 1191 833 persequamur
1223 746 1366 831 pbiloso-

431 863 561 948 phiam,
593 864 771 930 necessario
803 874 943 948 oportet.
987 864 1070 929 Nam
1101 850 1171 946 quo
1193 864 1267 930 haec
1297 880 1366 928 sae·

434 977 507 1060 pius
530 956 768 1060 accuratiusque
787 978 952 1064 legerimus
971 997 1007 1043 ac
1026 977 1304 1062 perpenderimus,
1324 994 1364 1043 eo

434 1094 533 1179 magis
558 1093 622 1178 ipsi
650 1113 854 1177 assequemur
883 1095 1050 1178 cogitando
1078 1111 1110 1161 et
1137 1095 1301 1162 sentiendo
1333 1094 1366 1159 ‘m

432 1210 543 1296 primis
572 1211 800 1295 percipiemus,
834 1229 927 1293 quam
953 1210 1087 1276 sublime
1113 1212 1155 1276 sit
1183 1212 1215 1276 in
1240 1209 1368 1279 homine
1403 1200 1406 1209 '

433 1326 621 1411 principium
651 1326 733 1392 idem
766 1326 819 1393 ille
847 1329 994 1393 ueritatis
1021 1346 1120 1396 amor.
1164 1325 1238 1391 Vim
1263 1339 1366 1392 autern

435 1441 532 1508 divini
552 1441 696 1527 principii
722 1442 761 1507 ad
781 1440 926 1526 parienda
944 1442 1042 1524 inque
1059 1443 1161 1508 lucem
1182 1440 1367 1525 proferenda

436 1559 553 1641 optima
582 1576 724 1641 quaeque
759 1573 793 1625 et
818 1558 979 1624 hominum
1009 1559 1114 1643 generi
1141 1543 1365 1639 saluberrima,

435 1676 519 1740 haud
545 1673 637 1741 facile
663 1675 735 1755 quis
765 1674 1029 1758 pbilosophorum
1050 1674 1119 1756 sic,
1142 1689 1178 1740 ut
1199 1675 1311 1757 Plato,
1334 1675 1367 1741 in

434 1791 506 1857 luce
525 1791 645 1874 posuit.
689 1791 772 1857 Nam
793 1792 902 1874 pulcra
925 1791 1009 1875 apud
1028 1790 1189 1857 Platonem
1209 1791 1300 1875 quasi
1320 1793 1369 1858 in·

435 1906 602 1975 uitamenta
637 1921 714 1974 sunt
750 1909 788 1974 ad
822 1907 889 1973 veri
927 1908 1111 1975 eliciendum
1144 1926 1302 1989 amorem,
1334 1923 1367 1974 et

436 2023 579 2110 quamvis
597 2025 734 2092 animum
757 2026 804 2091 sic
823 2024 1033 2107 inflamment,
1067 2042 1103 2091 ut
1133 2025 1225 2092 furor
1243 2027 1315 2092 inde
1335 2041 1368 2092 et

434 2142 552 2207 insania
571 2141 705 2223 oriatur,
728 2142 789 2208 hoc
818 2141 890 2225 ipso
918 2141 954 2206 fit
975 2138 1105 2221 furore,
1127 2156 1187 2223 ut„
1211 2160 1291 2223 quae
1310 2142 1369 2207 ho·

433 2259 510 2326 mini
527 2259 610 2325 inest
635 2259 791 2326 adomnia
809 2259 980 2340 praeclara,
1004 2258 1045 2322 ad
1064 2274 1140 2323 vere
1160 2260 1292 2340 pulcra,
1313 2277 1369 2324 ve·

324 2448 327 2452 ,
436 2396 472 2444 re
503 2377 586 2442 bona
616 2391 648 2444 et
675 2378 760 2462 justa
789 2376 910 2447 indoles
941 2375 1112 2454 naturalis,
1145 2392 1290 2458 quaeque
1311 2375 1368 2440 hac

435 2495 542 2562 indole
580 2495 677 2567 homo
713 2492 891 2576 studiisque
926 2492 976 2557 his
1007 2488 1195 2557 sublimibus
1226 2491 1371 2576 concepit

435 2611 538 2677 animo
565 2630 583 2675 a
613 2625 717 2676 tenera
748 2610 819 2675 inde
843 2621 961 2689 aetate,
1002 2609 1076 2674 haec
1103 2608 1199 2690 igitur
1226 2625 1293 2674 non
1306 2643 1311 2656 ·
1325 2610 1370 2675 la·

432 2741 518 2792 teant
534 2722 654 2790 diutius
676 2725 709 2787 in
736 2723 798 2788 imo
819 2736 969 2803 pectore,
991 2723 1049 2786 sed
1082 2723 1235 2806 prodeant
1260 2724 1291 2788 in
1321 2726 1371 2788 lu·

434 2859 502 2908 cern
522 2853 555 2908 ct
575 2839 664 2922 quasi
695 2852 786 2920 partu
809 2838 1003 2904 emittantur.
1048 2837 1125 2903 Non
1157 2839 1367 2923 perspiciebat
1451 2852 1457 2861 ·

434 2958 588 3025 continuo
609 2956 778 3034 Socrates,
801 2954 878 3036 quid
895 2953 956 3021 sibi
976 2956 1070 3020 vellet
1087 2953 1248 3037 Diotime,
1271 2976 1369 3038 quum

435 3073 549 3139 arnoris
571 3071 711 3154 aperiens
736 3084 901 3150 naturam,
923 3069 1059 3136 obscure
1080 3074 1157 3136 satis
1182 3073 1371 3154 pronuncia·
1431 3127 1436 3133 .

413 3260 416 3267 ,
436 3203 503 3255 ret:
527 3191 571 3260 ἔςι
587 3193 647 3271 γὰρ
665 3194 752 3256 τοῦτο
767 3189 851 3263 τόκος
868 3191 898 3256 ἐν
918 3175 1021 3270 καλῷ)
1044 3190 1095 3256 eal
1125 3193 1208 3258 κατὰ
1226 3194 1262 3260 ri
1282 3199 1370 3274 σῶμα

435 3309 486 3396 καὶ
505 3308 588 3376 κατὰ
607 3310 661 3384 rire
680 3308 798 3389 ψυχήν.
823 3302 856 3351 <¹³
888 3302 1007 3370 Partus
1036 3307 1091 3371 hoc
1116 3320 1161 3371 est
1185 3308 1221 3371 in
1236 3307 1370 3393 pulcra,

431 3443 501 3489 cum
520 3439 647 3510 corpore
672 3437 740 3488 tum
771 3421 895 3504 animm
924 3438 1009 3487 nunc
1033 3440 1117 3503 noe,
1150 3423 1183 3489 ni
1204 3422 1367 3506 fallimur,

436 3538 587 3624 obscurae
616 3537 786 3603 sententiae
812 3552 844 3602 et
868 3537 961 3618 quasi
992 3539 1224 3607 vaticinationis
1250 3540 1316 3608 vim
1338 3557 1371 3606 et

431 3670 557 3721 sensum
597 3655 805 3735 assequimur.
862 3653 945 3720 Nam
976 3672 1052 3720 sunt
1084 3658 1197 3721 natura
1227 3657 1369 3722 homines

432 3783 494 3836 tun
521 3767 642 3849 animo,
677 3789 768 3851 quam
799 3788 933 3855 corpore
963 3785 1189 3857 praegnantes,
1215 3789 1368 3854 concepe-

1298 3900 1371 3954 runt

468 3962 621 4072 (rismum.
640 3999 688 4053 206
706 3997 737 4052 B.
