2992 5220
667 408 838 483 ..9⁶-

282 590 391 677 miliari
414 589 496 682 uitae
526 585 743 666 sermonisque
769 587 1024 672 cousuetudine,
1047 591 1079 658 in
1100 595 1209 685 vulga.

279 708 305 772 ri
330 705 484 773 scribendi
508 701 705 804 doeeudique
733 703 877 784 ratione,
908 702 975 772 fere
1013 709 1206 795 syllogismis

280 825 422 889 homines
447 824 486 887 ad
508 821 715 886 declarandam
734 803 918 885 senteutiatu
948 802 1066 905 s‘uam,'
1086 847 1155 893 raro
1176 846 1209 896 et

278 942 332 1006 vix
349 958 490 1023 [unquam
507 936 691 1019 iuductiuue
706 951 846 1007 utantur.
888 939 1055 1015 Probanda
1073 943 1208 1028 scilicet,

279 1076 371 1137 quam
409 1055 619 1134 inveniendo,
659 1069 696 1119 ut
710 1069 883 1137 possunt,
913 1055 971 1129 itae
986 1060 1092 1127 solent
1114 1063 1217 1130 etiam¹

277 1173 375 1255 magis
405 1190 532 1254 operam
570 1191 695 1238 navare.
747 1155 833 1245 ‚Neo
863 1191 941 1240 veto
957 1189 1034 1241 'tam
1065 1180 1209 1248 studiose

279 1290 363 1357 omni
395 1307 473 1355 aevo
501 1307 670 1372 puerorum
700 1288 866 1355 instutioni
895 1291 1066 1357 adhibitum
1094 1292 1213 1363 fuisset.

277 1407 421 1474 Euclidis
448 1424 550 1489 opus,
573 1406 696 1476 sinon
727 1403 887 1483 synthesis
912 1423 1013 1484 aeque
1043 1407 1206 1477 hominum

278 1525 398 1604 menti,
420 1536 516 1602 atque
541 1517 675 1600 analysis
693 1516 901 1603 »couveuireu
944 1518 1007 1593 Sed
1039 1536 1074 1585 ut
1104 1523 1209 1597 vindi.

277 1643 373 1704 canda
393 1659 410 1703 a
431 1638 600 1704 multorum
626 1649 788 1701 contemtu
820 1635 1002 1701 Aristotelis
1028 1612 1088 1706 est:
1101 1640 1206 1722 ratio,

276 1757 319 1821 ita
344 1755 417 1838 ipse
445 1749 645 1822 Aristotelis,
666 1753 740 1834 quis
772 1752 868 1821 fuerit
901 1753 1043 1836 quidque
1072 1740 1216 1837 fecerit,¹

159 1897 167 1917 ·
275 1889 360 1940 tecte
393 1884 443 1939 est
470 1871 711 1954 dijudicandum.
755 1871 803 1938 Ut
829 1887 939 1936 auctor
972 1871 1041 1943 fuit
1063 1875 1205 1941 methodi

276 1990 397 2073 hujus,
432 1987 475 2052 ita
506 2005 525 2051 a
551 1988 659 2052 multis
696 1987 791 2052 homo
819 1989 924 2055 habeti
963 1991 1213 2082 syllogistieus,.

276 2106 341 2171 imo
371 2123 447 2170 uero
472 2104 678 2171 scholasticus
706 2105 800 2169 solet.
856 2096 953 2190 Quod
983 2107 1023 2173 de
1055 2126 1094 2174 eo
1120 2097 1209 2194 judi.

276 2223 357 2289 cium
378 2221 508 2304 ferunt,
530 2222 586 2303 qui
611 2223 715 2305 ipsum
743 2233 902 2304 uunquam
921 2221 1089 2306 legerunt,
1109 2243 1129 2290 e
1151 2244 1205 2290 so-

275 2345 309 2408 lo
337 2360 407 2408 eum
432 2340 573 2425 iudicant
605 2337 768 2403 homiuum
794 2356 939 2417 rumore,
969 2356 988 2404 e
1012 2339 1176 2424 discipulis
1188 2388 1211 2423 ‚2

274 2471 312 2524 ut
352 2460 491 2540 vulgus,
534 2455 574 2519 de
613 2453 762 2537 magistro
802 2456 1012 2538 conjecturam
1046 2458 1204 2542 capiunt,

274 2571 536 2650 coufunduutque
576 2565 722 2641 divinum
753 2571 856 2637 vitum
887 2592 960 2640 cum
1001 2576 1205 2644 scholastico·

276 2704 345 2753 tum
379 2683 566 2765 homiuum,
606 2685 660 2764 qui
695 2685 795 2767 ipsius
828 2688 956 2754 nomine
981 2660 1020 2755 ‘ss
1043 2691 1204 2757 sustinue-
1281 2717 1285 2725 ·

277 2815 352 2868 runt
379 2801 558 2884 appellare,
589 2800 801 2869 multitudiue.
845 2804 912 2884 Qui
941 2804 1017 2887 legit
1047 2807 1207 2874 Aristote-

276 2920 494 3002 lem‚1parum
519 2916 630 2996 abest,
660 2914 736 2995 quin
763 2919 849 2982 tauta
882 2935 976 2997 eum,
1009 2927 1126 3003 quanta
1156 2923 1205 3008 ip·

276 3055 349 3107 sum
378 3036 540 3103 Platonem
575 3031 785 3100 admiratione
815 3050 1042 3119 prosequatur,
1074 3059 1110 3105 ac
1146 3043 1206 3109 ci.

276 3153 384 3219 ceroni
421 3150 609 3215 assentiatur
639 3147 757 3229 facile,
797 3164 967 3234 utrumque
999 3154 1044 3226 in,
1057 3158 1205 3228 omuibus

277 3267 428 3350 scriptis,
449 3280 581 3346 excepto
607 3283 673 3330 uno
704 3267 852 3349 Socrate,
872 3271 1002 3339 caetetu
1028 3274 1205 3356 praetereo

276 3385 301 3450 ti
343 3381 543 3467 philosophis
569 3384 730 3452 omuibus.
774 3385 906 3456 Novum
939 3390 1128 3456 Aristoteles
1149 3411 1203 3457 ex-

275 3500 425 3587 cogitavit
465 3499 702 3583 elaboravitque
737 3503 916 3571 dialecticae
949 3507 1092 3586 ὄργανον,
1136 3525 1202 3589 quo

274 3619 520 3704 syllogisticam,
542 3617 711 3687 admirabili
749 3622 879 3702 quadam
921 3618 1040 3701 ingenii
1078 3623 1205 3692 subtili·

275 3753 340 3805 tate
372 3736 519 3820 exposuit
543 3735 748 3820 legibusque
780 3733 969 3804 adstrinxit:
998 3758 1069 3806 uec
1100 3757 1203 3810 tamen

275 3855 385 3926 eodem
427 3852 566 3920 Socratis
616 3849 774 3935 neglexit.
794 3855 973 3934 ἐπαγωγὴν.
1016 3853 1051 3900 ‘¹'
1111 3860 1203 3926 Para·

1155 3991 1205 4043 Vl!

274 4024 289 4147 ¹.
311 4055 352 4130 (ι)
373 4035 492 4117 aeaut
505 4030 604 4120 aaa
623 4033 657 4103 a.
675 4035 700 4102 i.
718 4028 832 4105 sassi
844 4067 951 4121 μ...
974 4034 999 4043 ”
1033 4036 1039 4043 ’
