2992 5220
438 552 508 573 ....
533 545 574 609 Ὗ
831 484 877 517 ...·
894 467 915 530 6
934 496 982 516 ..-

431 691 491 749 tion
522 685 559 747 irs
587 680 705 747 scholae
731 675 863 755 umbra,
898 674 963 741 scd·
977 677 1013 739 in
1039 672 1145 739 medii
1173 678 1298 741 ocrs'ari
1316 677 1370 741 ho-

435 788 739 881 masciatum
761 792 913 874 sed‚hoc
933 807 969 857 ut
990 790 1068 870 fiat,
1087 791 1370 880 philosophos

435 922 554 1003 oportet
578 914 650 978 rito·
667 932 730 979 otro
751 910 907 977 insciolo
928 907 1084 989 eruditos,
1107 906 1247 973 Socratis
1263 913 1370 975 maai·

436 1048 490 1097 m
513 1040 544 1095 'ot
568 1027 711 1095 Platonis
730 1027 936 1093 institutione.

442 1198 447 1209 .
475 1145 524 1213 Et
542 1141 616 1211 huic
643 1142 770 1226 quidem
799 1139 976 1206 communis
1005 1140 1145 1206 omniurn
1160 1138 1270 1205 salutis
1292 1160 1370 1222 pro.-

434 1261 594 1333 veheudae
621 1258 791 1342 proposito
817 1276 889 1323 eum
907 1256 958 1322 iila
975 1259 1038 1341 jam
1059 1257 1290 1339 quodammodo
1312 1278 1368 1343 ap-

437 1393 470 1445 ta
497 1394 567 1461 esse
595 1389 769 1461 poterunt,
792 1392 872 1457 quae
890 1393 985 1459 supra
1005 1393 1045 1442 ex
1063 1373 1193 1442 Platone
1214 1373 1254 1440 de
1270 1372 1369 1441 insito

437 1493 623 1564 mortalibus
652 1492 755 1576 pulcri
788 1490 930 1573 bonique
949 1490 1057 1556 studio
1081 1488 1263 1572 attulimus,
1300 1504 1370 1557 tum
1455 1508 1458 1515 ·

438 1613 516 1690 haee
529 1611 703 1696 proderunt
712 1653 726 1690 ,
736 1622 774 1673 ut
786 1626 945 1691 speramus
956 1653 969 1689 ,
982 1606 1131 1689 maxime,
1149 1625 1249 1689 quae,
1258 1608 1370 1678 eodem

438 1730 520 1795 duce
538 1739 570 1791 et
585 1734 735 1807 auctore,
757 1725 797 1790 dc
815 1725 882 1791 veri
901 1725 1007 1791 studio
1019 1739 1052 1791 et
1064 1724 1270 1808 inquisitione
1281 1744 1368 1795 nunc

418 1862 549 1919 ,tomus
566 1841 767 1927 disputaturi.
805 1823 908 1908 Abest
927 1860 1002 1909 sane
1022 1845 1174 1925 multum,
1195 1858 1233 1910 ut
1254 1863 1370 1913 novam

434 1974 523 2044 aros,
557 1978 650 2044 quam
686 1973 825 2040 vocam,
847 1957 993 2025 inducere
1022 1958 1258 2044 philosophiam
1279 1961 1372 2040 insti·
1442 2040 1445 2045 ,

434 2094 587 2145 marusa
629 2093 695 2151 non
723 2094 833 2141 sumus
871 2093 932 2139 nos
970 2076 1172 2160 philosophi,
1215 2081 1272 2147 sed
1300 2100 1372 2150 esse
1410 2104 1420 2124 ⁴

437 2194 583 2280 eapirnus
604 2190 857 2274 philosophiae,
871 2203 957 2256 certe
972 2193 1138 2275 antiquae,
1160 2195 1368 2282 interpretes:

436 2308 598 2394 insnum
633 2307 713 2375 hanc
755 2320 859 2371 autem
900 2322 1071 2375 restaurare
1108 2311 1367 2402 interpretando,

437 2428 585 2497 revocare
609 2423 642 2490 in
669 2437 796 2490 natiuae
822 2424 904 2489 nam
928 2425 1166 2513 philosophos,
1189 2433 1217 2498 si
1246 2437 1302 2519 qui
1329 2439 1368 2503 ils

435 2564 476 2612 ca
500 2543 737 2620 discesserunt,
771 2557 945 2622 omnesque
976 2541 1139 2614 incendere
1168 2551 1237 2616 veri
1263 2554 1371 2621 studio

440 2675 475 2728 et
488 2675 616 2735 amore,
638 2655 671 2719 id
691 2671 753 2719 nos
770 2654 802 2719 in
821 2655 957 2723 animum
986 2656 1148 2733 induxisse
1177 2666 1374 2749 maximeque

438 2775 555 2844 habere
573 2772 608 2839 in
631 2769 739 2851 votis,
753 2789 825 2838 nou
853 2773 1033 2839 diffitemur.

482 2892 562 2960 Non
579 2906 662 2979 pars
682 2888 829 2972 quaedam
849 2907 932 2958 nova
952 2889 1172 2975 philosophiae
1187 2910 1256 2980 est,
1278 2915 1371 2981 quom

439 3028 525 3081 nune
547 3012 657 3074 sumus
678 3005 848 3072 tractaturi.
893 3005 986 3073 Haud
1015 3009 1115 3093 magis
1143 3011 1256 3095 Plato,
1278 3035 1371 3100 quarn

332 3162 336 3169 ν
441 3126 614 3204 Socrates,
634 3124 675 3189 de
691 3122 855 3190 dividenda
872 3124 904 3188 in
928 3139 1033 3207 partes
1061 3125 1267 3214 philosophia
1287 3135 1375 3222 cogi·

436 3257 527 3313 :tasse
555 3239 692 3307 videtur.
738 3239 801 3307 Sed
827 3239 887 3307 erit
917 3241 992 3311 haee
1022 3244 1116 3313 nobis
1136 3245 1204 3314 veri
1224 3249 1376 3336 disquisi-

443 3360 514 3442 tio,
536 3357 570 3425 in
586 3358 693 3424 studio
711 3357 881 3441 sapientiae
902 3364 1078 3446 progressio
1099 3366 1261 3447 quaedam.
1289 3370 1373 3439 Nam

441 3477 487 3545 ita
522 3474 586 3544 fert
623 3475 702 3540 tatio
743 3473 861 3559 ingenii
894 3475 1046 3560 humani,
1089 3496 1126 3548 ut
1153 3502 1171 3549 a
1198 3488 1310 3570 pulcro
1337 3487 1376 3552 ad

435 3610 577 3670 ¹verrom,
618 3589 658 3655 ab
686 3590 807 3657 artibus
839 3591 878 3657 ad
909 3593 1093 3677 doctrinas,
1122 3597 1258 3682 abiis,
1293 3617 1375 3684 quoe
1412 3646 1416 3652 -

441 3706 613 3787 rensibus,
644 3707 683 3773 ad
701 3725 759 3789 ta,
774 3776 777 3782 ,
795 3726 876 3788 quae
897 3710 963 3774 soh
989 3726 1093 3777 mente
1111 3725 1153 3777 ‘et
1182 3715 1373 3798 cogitatione

436 3821 681 3908 percipiuntur,
703 3823 932 3907 progrediatur.
978 3824 1075 3910 Quod
1105 3828 1165 3894 iter
1187 3843 1225 3893 nt
1253 3845 1285 3896 et
1315 3833 1373 3898 ho·
1448 3890 1459 3912 ,

440 3939 530 4013 minis
562 3956 611 4008 est
641 3939 781 4020 cujusvis
810 3936 1077 4018 praestabilior-is,
1101 3942 1157 4023 qui
1184 3947 1222 4012 nd
1252 3951 1371 4016 cultum

1300 4085 1374 4151 pro·
