2992 5220
639 490 835 550 ..107-

274 659 403 722 salutem
435 654 629 733 provehant,
664 650 773 735 partim
799 650 877 714 hanc
901 651 1083 732 negligentia
1110 650 1198 734 pror,

202 736 207 749 ἱ
277 790 359 848 sus,
380 769 472 834 animi
500 769 697 834 solummodo
717 767 956 832 oblectationem
972 752 1198 846 ¹respicientiel

204 966 207 973 .
280 888 363 952 Mihi
382 887 504 967 quidem
517 884 671 968 ,·adjicit,
693 902 764 949 esse
780 883 946 964 quaedam,
964 883 1131 962 Callicles,
1154 882 1202 947 vi··

209 988 212 993 ¹
279 1005 414 1068 dentur:
439 1017 542 1066 statuo
573 1017 672 1064 autem
701 1012 802 1071 tutum
839 998 900 1062 hoc
931 999 1090 1083 negotium
1113 1018 1205 1069 canu·

281 1123 388 1197 ustus,
411 1116 620 1183 adulationem
641 1134 733 1197 esse,
756 1116 824 1181 sive
852 1118 1009 1209 animum,
1043 1116 1110 1181 sive
1135 1133 1207 1180 cor·

280 1253 365 1317 pus,
387 1233 456 1299 sive
478 1234 559 1299 aliud
580 1234 790 1315 quodcunque
815 1247 957 1315 spectat,
980 1234 1070 1316 cujus
1091 1234 1206 1315 volup·

283 1363 329 1414 tas
359 1348 546 1432 respicitur,
570 1353 653 1416 salus
677 1369 753 1414 vero
775 1350 943 1434 negligitur
974 1351 1077 1432 plane.
1122 1349 1207 1416 Hinc

281 1463 320 1529 de
345 1464 464 1530 artibus
487 1465 671 1545 quibusdam
703 1468 833 1548 quaerit.
890 1466 1051 1547 Primum,
1073 1467 1142 1547 ait,
1170 1467 1209 1533 tl·

282 1578 454 1645 biciaariam
491 1583 735 1648 consideremusa
794 1585 911 1648 Nonne
941 1585 1016 1648 haec
1052 1584 1110 1649 tibi
1138 1584 1209 1649 talis

282 1713 353 1762 esse
388 1697 512 1762 videtur
538 1700 709 1764 Callicles?
742 1702 935 1782 voluptatem
972 1701 1119 1783 persequi
1157 1717 1210 1766 so·

284 1816 374 1892 lum,
407 1814 490 1877 aliud
526 1833 633 1879 curare
659 1816 766 1880 nihili
795 1851 842 1868 -
870 1818 1016 1883 Videtur.
1042 1857 1087 1870 --
1124 1817 1212 1903 Quid

285 1945 361 1992 vero
389 1929 603 1993 citharistica‘l
639 1931 714 2010 quid
744 1930 860 1994 chorii
892 1934 967 2010 quid
987 1935 1212 2014 dithyrambica

287 2045 421 2126 poesis?
443 2047 595 2126 numquid
628 2046 685 2110 tibi
707 2064 741 2110 ea
763 2045 904 2129 proferre
939 2046 1108 2126 videntur,
1131 2052 1214 2113 unde

287 2162 342 2242 qui
362 2161 492 2226 audiunt
521 2162 665 2227 tricliores
698 2162 761 2227 sint
791 2160 917 2228 sutorii
939 2201 983 2215 -
1003 2164 1080 2228 Non
1106 2164 1215 2230 viden·

286 2290 349 2340 tur.
372 2315 417 2328 -
438 2276 523 2361 Quid
548 2295 624 2340 vcro
649 2278 804 2358 praeclara
826 2277 877 2340 illa
898 2293 994 2358 atque
1025 2279 1213 2363 admirabilis

286 2393 463 2471 tragoediae
491 2393 619 2472 poesis,
654 2411 718 2471 quo
751 2393 898 2472 spectati
933 2411 1012 2457 eone
1036 2397 1215 2475 contendit,
1242 2434 1244 2438 ι

288 2521 324 2572 ut
349 2506 579 2589 spectatoribus
613 2505 801 2587 gratificetur
829 2507 972 2571 tantum?
1000 2525 1037 2570 an
1061 2526 1160 2588 vero,
1187 2510 1216 2574 si

284 2624 365 2706 quid
396 2623 456 2688 illis
480 2638 598 2707 gratum
620 2623 661 2687 sit
692 2642 727 2688 ac
755 2624 892 2706 placeat,
915 2624 971 2688 sed
1000 2636 1132 2705 noceat,
1154 2627 1215 2692 hoc

289 2759 330 2806 nc
362 2741 463 2821 dicat,
487 2754 596 2804 cavet:
622 2740 649 2804 si
674 2741 762 2820 qood
788 2758 863 2804 vero
884 2739 945 2804 illis
967 2741 1120 2824 ingratum
1139 2742 1219 2808 acci·

291 2860 367 2937 dat,
390 2859 444 2923 sed
475 2858 552 2922 utile
573 2858 638 2933 sit,
672 2858 740 2922 sive
770 2876 808 2922 eo
831 2857 1021 2923 delectentur
1052 2859 1121 2926 sive
1150 2861 1216 2926 dis·

290 2975 403 3058 pliceat
424 2973 506 3054 illis,
534 2975 565 3038 id
596 2974 653 3039 tibi
680 2976 778 3056 palam
803 2974 904 3039 dicere
937 2990 968 3040 et
999 2993 1108 3041 canere
1131 2975 1218 3043 vide-

289 3094 365 3158 turi
395 3131 439 3144 -
460 3092 549 3156 Istud
574 3090 795 3171 manifestum,
818 3110 838 3154 o
858 3092 1026 3174 Socrates,
1047 3095 1085 3159 ad
1106 3095 1219 3179 volup·

288 3225 382 3276 tatem
416 3210 648 3295 spectatoribus
677 3210 898 3275 conciliandam
926 3210 1077 3276 inservire
1099 3227 1222 3297 tragoe-

290 3326 382 3390 diam.
404 3354 450 3373 -
474 3325 575 3404 Atqui
595 3343 687 3386 omne
718 3325 795 3386 illud
814 3326 931 3399 modo,
954 3325 1119 3403 Callicles,
1141 3328 1221 3393 adu-

292 3442 437 3506 lationem
453 3457 523 3502 esse
546 3437 1053 3520 pronuntiavimus—Omnino
1077 3475 1121 3490 -
1150 3441 1221 3522 Age

295 3573 393 3635 vero,
425 3553 452 3618 si
486 3552 558 3634 quis
585 3569 624 3617 ex
656 3565 722 3615 tota
762 3552 851 3634 poesi
885 3570 955 3617 cum
979 3568 1121 3637 cantum,
1151 3570 1219 3624 tum

295 3686 452 3752 metrum,
485 3685 550 3736 tum
584 3670 674 3735 etiam
714 3670 893 3750 rhythmum
926 3672 1112 3752 sustulerit,
1146 3675 1221 3756 quid

294 3791 354 3857 erit
375 3789 478 3869 illud,
513 3788 599 3871 quod
635 3785 793 3852 restabit?
829 3805 934 3853 nonne
974 3792 1156 3858 sermones?
1177 3820 1222 3846 ⁶-

295 3907 387 3972 Nihil
423 3906 519 3972 aliod.
559 3944 604 3958 -
647 3904 690 3970 Hi
717 3918 820 3970 autem
862 3922 1021 3972 sermones
1048 3924 1154 3978 nonne
1184 3911 1221 3974 ad

295 4019 417 4085 turbam
446 4025 664 4107 populumque
694 4022 874 4091 habentor?
905 4022 1025 4091 Nonne
1052 4027 1159 4109 poesis
1179 4028 1223 4094 ait

896 4148 905 4179 l
1178 4141 1221 4209 ic-
