2992 5220
534 512 585 544 ..g
596 491 720 574 ὀμ

150 697 211 744 suo
233 666 354 762 quique
378 671 502 758 ingenio
535 670 856 759 philosopharentur,
889 662 1089 750 suum'1qul0'·

149 812 212 876 que
230 793 290 860 iter
305 791 529 872 instituerent,
551 790 696 873 plerique
714 804 866 854 novarum
889 791 996 852 aasmt
1013 800 1083 851 sec»

148 922 250 975 tartum
284 918 441 976 auctores.
507 908 594 972 Fons
628 905 690 972 fuit
723 904 880 970 Socratica
917 892 1091 988 disciplina¹

148 1027 345 1106 uberrimus,
384 1024 468 1091 unde
495 1039 599 1089 sectae
628 1022 661 1087 in
685 1038 794 1088 omnes
822 1030 1089 1105 panes'magno·

149 1162 212 1226 que
240 1127 370 1209 numero
396 1156 428 1209 et
453 1143 570 1224 majore
591 1140 682 1204 etiarn
710 1138 895 1223 placitorum
914 1136 1080 1218 mrietate,
1189 1192 1193 1201 .

150 1275 305 1341 tamquam
326 1259 443 1338 rivuli,
464 1259 678 1322 dimanarentt
710 1255 880 1337 &demque
899 1254 1092 1338 disciplinae.

149 1376 244 1458 huius
284 1373 479 1441 foecunditas
510 1375 542 1439 in
570 1360 712 1440 Platonis
750 1371 947 1456 disciplinam
968 1372 1088 1455 guasi

149 1504 317 1576 propagata
353 1504 426 1569 est,
471 1508 551 1571 qnae
583 1504 616 1556 et
645 1490 853 1556 Academicos
887 1490 1022 1575 protulit
1048 1488 1089 1563 et‘

71 1670 74 1675 .
148 1606 371 1690 Peripateticos
402 1620 435 1674 ct
473 1606 749 1690 Neoplatonicos,
792 1607 856 1671 into
894 1624 972 1674 vero
1001 1606 1087 1690 ipsis·

149 1723 266 1790 Stoicis
296 1737 329 1789 et
349 1723 539 1807 Epicureis,
564 1724 705 1807 quamvis
735 1724 860 1790 aliunde
890 1724 993 1806 ortis,
1025 1723 1088 1790 alt·-
1188 1756 1191 1763 ·

151 1852 289 1908 mentum
322 1838 465 1922 praebuit
492 1858 566 1906 saue
585 1860 676 1924 quam
708 1842 955 1909 saluberrimum.
1000 1828 1089 1909 Nam

151 1955 237 2036 qttod
265 1956 409 2022 Socrates
442 1957 600 2022 monendo
629 1959 891 2042 cohortandoque
916 1973 948 2026 et
964 1977 1088 2026 sermo-2

150 2071 245 2137 nibus
278 2072 479 2153 instituerat,
509 2073 541 2138 id
571 2073 704 2158 perfecit
735 2075 825 2143 Plato
859 2094 932 2142 curn
962 2075 1086 2161 simili,

152 2189 294 2269 quumvis
315 2189 534 2274 diligentiore,
555 2190 740 2276 disciplina,
764 2206 830 2258 tum
842 2193 969 2278 scriptis
989 2195 1087 2263 marla

50 2284 55 2290 ’
151 2325 226 2388 me,
270 2306 384 2387 quibus
426 2307 585 2371 Socratem
621 2308 760 2392 posteris
795 2308 952 2390 nobisque
991 2312 1084 2377 etiam

56 2498 61 2507 ,
150 2425 213 2488 hoc
240 2436 382 2506 tempore
407 2422 610 2487 disserentem
636 2424 1000 2506 philosophantemque,
1030 2444 1085 2492 te·

151 2538 210 2606 luti
250 2538 359 2603 vivum
391 2539 589 2618 etiamnunc,
632 2538 895 2623 repraesentavit:
940 2539 1088 2624 idemque
1146 2603 1148 2607 Α

152 2654 343 2722 institutioni
368 2653 526 2719 doctrinas
552 2653 713 2737 adjunxit,
758 2656 936 2767 praesertim
967 2655 1089 2722 matht-o

151 2772 302 2852 maticas,
344 2791 411 2838 non
439 2790 504 2853 quo
535 2771 615 2837 viam
646 2770 809 2853 definiret,
853 2789 935 2853 qttae
967 2771 1087 2854 cuique

153 2902 238 2956 esset
267 2888 358 2954 anxie
387 2888 556 2968 servanda,
579 2888 634 2953 sed
661 2903 698 2953 ut
720 2890 816 2978 magis
845 2889 937 2955 etiam
955 2889 1085 2956 insitut'n

151 3004 271 3071 homini
299 3005 365 3072 veri
391 3023 527 3071 amorem
552 3019 585 3072 ct
606 3004 754 3072 excitaret
783 3008 942 3090 alerctquc
961 3022 993 3074 et
1010 3024 1087 3093 pnes

152 3123 262 3190 denter
288 3138 422 3206 regeret.
1080 3130 1085 3137 ‘

194 3241 259 3309 Sea
285 3240 406 3325 agimus
431 3241 471 3307 de
498 3259 723 3324 progressuum
753 3241 931 3323 celeritate,
956 3261 1018 3323 qua
1042 3241 1089 3308 in·

151 3356 273 3440 signem
304 3373 375 3421 esse
407 3362 603 3438 μαιωτικὴν,
633 3357 704 3440 ipse
729 3359 824 3422 nobis
857 3359 1090 3440 praestantiam

152 3460 222 3539 ntae
250 3470 432 3553 disciplinae
458 3485 568 3534 auctor
606 3471 702 3535 modo
739 3471 910 3563 affirmavit.
976 3470 1087 3541 Nolim

153 3591 208 3656 lrlc
244 3586 385 3671 cogitent
417 3589 550 3652 lectorcs
583 3584 773 3653 celeritatem
803 3589 885 3654 illam
925 3576 1087 3673 discendi,

151 3725 234 3791 quae
262 3704 357 3770 hodie
384 3702 587 3786 praesertim,
630 3702 735 3768 ubivis
766 3705 834 3770 fere
868 3680 1088 3774 incultioribus

153 3824 303 3907 Europae
331 3822 484 3906 populis,
506 3821 764 3903 commendatur,
786 3822 877 3906 cujus
900 3823 1088 3903 praestantia

154 3937 307 4006 brevitate
329 3938 480 4024 temporis
513 3953 681 4020 censetur,
722 3957 788 4004 non
820 3938 993 4034 ubertate,
1024 3959 1089 4008 non

152 4052 334 4139 diligentia,
358 4074 544 4124 nanterum
565 4056 816 4124 addiscendarum
834 4056 1002 4141 gravitate,
1025 4059 1090 4120 non'

904 4218 908 4227 -
1006 4168 1091 4237 fruc-
