<?xml version="1.0" encoding="UTF-8"?>
<!DOCTYPE html PUBLIC "-//W3C//DTD XHTML 1.0 Transitional//EN"
    "http://www.w3.org/TR/xhtml1/DTD/xhtml1-transitional.dtd">
<html xmlns="http://www.w3.org/1999/xhtml" xml:lang="en" lang="en">
 <head>
  <title>
</title>
<meta http-equiv="Content-Type" content="text/html;charset=utf-8" />
  <meta name='ocr-system' content='tesseract 3.04.00' />
  <meta name='ocr-capabilities' content='ocr_page ocr_carea ocr_par ocr_line ocrx_word'/>
</head>
<body>
  <div class='ocr_page' id='page_1' title='image "./initiaphilosoph01heusgoog_0133.png"; bbox 0 0 2992 5220; ppageno 0'>
   <div class='ocr_carea' id='block_1_1' title="bbox 779 470 973 533">
    <p class='ocr_par' dir='ltr' id='par_1_1' title="bbox 779 470 973 533">
     <span class='ocr_line' id='line_1_1' title="bbox 779 470 973 533; baseline -0.015 0"><span class='ocrx_word' id='word_1_1' title='bbox 779 470 973 533; x_wconf 83' lang='lat'>-106-</span> 
     </span>
    </p>
   </div>
   <div class='ocr_carea' id='block_1_2' title="bbox 416 643 1349 730">
    <p class='ocr_par' dir='ltr' id='par_1_2' title="bbox 416 643 1349 730">
     <span class='ocr_line' id='line_1_2' title="bbox 416 643 1349 730; baseline -0.004 -15"><span class='ocrx_word' id='word_1_2' title='bbox 416 651 522 716; x_wconf 89' lang='lat' dir='ltr'><strong>sime</strong></span> <span class='ocrx_word' id='word_1_3' title='bbox 559 665 642 713; x_wconf 91' lang='lat' dir='ltr'><strong>nunc</strong></span> <span class='ocrx_word' id='word_1_4' title='bbox 679 647 802 730; x_wconf 85' lang='lat' dir='ltr'><strong>quidem</strong></span> <span class='ocrx_word' id='word_1_5' title='bbox 832 646 892 710; x_wconf 89' lang='lat' dir='ltr'><strong>tibi</strong></span> <span class='ocrx_word' id='word_1_6' title='bbox 919 643 1139 712; x_wconf 82' lang='lat' dir='ltr'><strong>assentientem</strong></span> <span class='ocrx_word' id='word_1_7' title='bbox 1172 645 1349 726; x_wconf 77' lang='lat' dir='ltr'><strong>habueris,</strong></span> 
     </span>
    </p>
   </div>
   <div class='ocr_carea' id='block_1_3' title="bbox 323 762 1345 849">
    <p class='ocr_par' dir='ltr' id='par_1_3' title="bbox 323 762 1345 849">
     <span class='ocr_line' id='line_1_3' title="bbox 323 762 1345 849; baseline -0.001 -20"><span class='ocrx_word' id='word_1_8' title='bbox 323 790 326 795; x_wconf 95' lang='lat'>·</span> <span class='ocrx_word' id='word_1_9' title='bbox 415 778 525 849; x_wconf 85' lang='lat' dir='ltr'><strong>postea</strong></span> <span class='ocrx_word' id='word_1_10' title='bbox 551 782 630 830; x_wconf 87' lang='lat' dir='ltr'><strong>vero</strong></span> <span class='ocrx_word' id='word_1_11' title='bbox 657 781 721 829; x_wconf 91' lang='lat' dir='ltr'><strong>non</strong></span> <span class='ocrx_word' id='word_1_12' title='bbox 753 765 828 829; x_wconf 91' lang='lat' dir='ltr'><strong>haec</strong></span> <span class='ocrx_word' id='word_1_13' title='bbox 857 763 1095 845; x_wconf 87' lang='lat' dir='ltr'><strong>deprehenderis</strong></span> <span class='ocrx_word' id='word_1_14' title='bbox 1118 776 1291 849; x_wconf 84' lang='lat' dir='ltr'><strong>agentem,</strong></span> <span class='ocrx_word' id='word_1_15' title='bbox 1304 762 1345 828; x_wconf 88' lang='lat' dir='ltr'><strong>de</strong></span> 
     </span>
    </p>
   </div>
   <div class='ocr_carea' id='block_1_4' title="bbox 407 878 1345 1431">
    <p class='ocr_par' dir='ltr' id='par_1_4' title="bbox 415 878 1345 1317">
     <span class='ocr_line' id='line_1_4' title="bbox 417 878 1344 964; baseline -0.003 -17"><span class='ocrx_word' id='word_1_16' title='bbox 417 880 533 964; x_wconf 90' lang='lat' dir='ltr'><strong>quibus</strong></span> <span class='ocrx_word' id='word_1_17' title='bbox 580 882 821 960; x_wconf 85' lang='lat' dir='ltr'><strong>consensimus,</strong></span> <span class='ocrx_word' id='word_1_18' title='bbox 859 878 1023 963; x_wconf 90' lang='lat' dir='ltr'><strong>stupidum</strong></span> <span class='ocrx_word' id='word_1_19' title='bbox 1065 896 1115 943; x_wconf 90' lang='lat' dir='ltr'><strong>me</strong></span> <span class='ocrx_word' id='word_1_20' title='bbox 1153 879 1244 959; x_wconf 88' lang='lat' dir='ltr'><strong>plane</strong></span> <span class='ocrx_word' id='word_1_21' title='bbox 1273 896 1344 944; x_wconf 88' lang='lat' dir='ltr'><strong>esse</strong></span> 
     </span>
     <span class='ocr_line' id='line_1_5' title="bbox 415 996 1345 1081; baseline -0.009 -16"><span class='ocrx_word' id='word_1_22' title='bbox 415 999 578 1079; x_wconf 81' lang='lat' dir='ltr'><strong>existima,</strong></span> <span class='ocrx_word' id='word_1_23' title='bbox 595 1017 651 1064; x_wconf 89' lang='lat' dir='ltr'><strong>nec</strong></span> <span class='ocrx_word' id='word_1_24' title='bbox 681 1018 828 1081; x_wconf 89' lang='lat' dir='ltr'><strong>umquam</strong></span> <span class='ocrx_word' id='word_1_25' title='bbox 858 1015 908 1062; x_wconf 86' lang='lat' dir='ltr'><strong>me</strong></span> <span class='ocrx_word' id='word_1_26' title='bbox 924 996 1092 1081; x_wconf 87' lang='lat' dir='ltr'><strong>deinceps,</strong></span> <span class='ocrx_word' id='word_1_27' title='bbox 1135 996 1253 1080; x_wconf 88' lang='lat' dir='ltr'><strong>quippe</strong></span> <span class='ocrx_word' id='word_1_28' title='bbox 1274 1014 1345 1080; x_wconf 86' lang='lat' dir='ltr'><strong>per.</strong></span> 
     </span>
     <span class='ocr_line' id='line_1_6' title="bbox 415 1095 1343 1197; baseline -0.002 -15"><span class='ocrx_word' id='word_1_29' title='bbox 415 1116 515 1182; x_wconf 73' lang='lat' dir='ltr'><strong>dnum</strong></span> <span class='ocrx_word' id='word_1_30' title='bbox 536 1116 719 1197; x_wconf 90' lang='lat' dir='ltr'><strong>homiuem,</strong></span> <span class='ocrx_word' id='word_1_31' title='bbox 741 1133 834 1180; x_wconf 90' lang='lat' dir='ltr'><strong>mone</strong></span> <span class='ocrx_word' id='word_1_32' title='bbox 855 1114 980 1179; x_wconf 86' lang='lat' dir='ltr'><strong>itemm.</strong></span> <span class='ocrx_word' id='word_1_33' title='bbox 1026 1095 1088 1178; x_wconf 87' lang='lat' dir='ltr'><strong>Sed</strong></span> <span class='ocrx_word' id='word_1_34' title='bbox 1104 1112 1143 1178; x_wconf 90' lang='lat' dir='ltr'><strong>ab</strong></span> <span class='ocrx_word' id='word_1_35' title='bbox 1162 1114 1256 1178; x_wconf 90' lang='lat' dir='ltr'><strong>initio</strong></span> <span class='ocrx_word' id='word_1_36' title='bbox 1278 1131 1343 1180; x_wconf 89' lang='lat' dir='ltr'><strong>rem</strong></span> 
     </span>
     <span class='ocr_line' id='line_1_7' title="bbox 417 1231 767 1317; baseline 0 -20"><span class='ocrx_word' id='word_1_37' title='bbox 417 1247 606 1317; x_wconf 84' lang='lat' dir='ltr'><strong>repetamus.</strong></span> <span class='ocrx_word' id='word_1_38' title='bbox 630 1231 661 1275; x_wconf 72' lang='lat'><strong>(¹³</strong></span> <span class='ocrx_word' id='word_1_39' title='bbox 763 1262 767 1276; x_wconf 91' lang='lat'><strong>·</strong></span> 
     </span>
    </p>

    <p class='ocr_par' dir='ltr' id='par_1_5' title="bbox 407 1348 1345 1431">
     <span class='ocr_line' id='line_1_8' title="bbox 407 1348 1345 1431; baseline -0.002 -14"><span class='ocrx_word' id='word_1_40' title='bbox 407 1396 411 1406; x_wconf 82' lang='lat'><em>-</em></span> <span class='ocrx_word' id='word_1_41' title='bbox 459 1352 545 1417; x_wconf 88' lang='lat' dir='ltr'><strong>Haec</strong></span> <span class='ocrx_word' id='word_1_42' title='bbox 571 1350 713 1416; x_wconf 84' lang='lat' dir='ltr'><strong>Socrates</strong></span> <span class='ocrx_word' id='word_1_43' title='bbox 748 1349 887 1430; x_wconf 84' lang='lat' dir='ltr'><strong>ironice3</strong></span> <span class='ocrx_word' id='word_1_44' title='bbox 919 1349 975 1415; x_wconf 91' lang='lat' dir='ltr'><strong>sed</strong></span> <span class='ocrx_word' id='word_1_45' title='bbox 1004 1349 1084 1414; x_wconf 90' lang='lat' dir='ltr'><strong>idem</strong></span> <span class='ocrx_word' id='word_1_46' title='bbox 1116 1348 1262 1431; x_wconf 89' lang='lat' dir='ltr'><strong>deinceps</strong></span> <span class='ocrx_word' id='word_1_47' title='bbox 1293 1368 1345 1415; x_wconf 92' lang='lat' dir='ltr'><strong>se·</strong></span> 
     </span>
    </p>
   </div>
   <div class='ocr_carea' id='block_1_5' title="bbox 418 1452 1452 1552">
    <p class='ocr_par' dir='ltr' id='par_1_6' title="bbox 418 1452 1452 1552">
     <span class='ocr_line' id='line_1_9' title="bbox 418 1452 1452 1552; baseline -0.003 -19"><span class='ocrx_word' id='word_1_48' title='bbox 418 1465 466 1533; x_wconf 90' lang='lat' dir='ltr'><strong>rio</strong></span> <span class='ocrx_word' id='word_1_49' title='bbox 488 1482 520 1533; x_wconf 88' lang='lat' dir='ltr'><strong>et</strong></span> <span class='ocrx_word' id='word_1_50' title='bbox 548 1487 608 1552; x_wconf 93' lang='lat' dir='ltr'><strong>pro</strong></span> <span class='ocrx_word' id='word_1_51' title='bbox 638 1465 809 1551; x_wconf 86' lang='lat' dir='ltr'><strong>argumenti</strong></span> <span class='ocrx_word' id='word_1_52' title='bbox 829 1463 979 1548; x_wconf 85' lang='lat' dir='ltr'><strong>gravitate</strong></span> <span class='ocrx_word' id='word_1_53' title='bbox 1000 1465 1183 1529; x_wconf 89' lang='lat' dir='ltr'><strong>sententiam</strong></span> <span class='ocrx_word' id='word_1_54' title='bbox 1202 1464 1343 1546; x_wconf 89' lang='lat' dir='ltr'><strong>aperiens</strong></span> <span class='ocrx_word' id='word_1_55' title='bbox 1447 1452 1452 1467; x_wconf 63' lang='lat'>⁸</span> 
     </span>
    </p>
   </div>
   <div class='ocr_carea' id='block_1_6' title="bbox 325 1578 1355 4116">
    <p class='ocr_par' dir='ltr' id='par_1_7' title="bbox 325 1578 1353 3878">
     <span class='ocr_line' id='line_1_10' title="bbox 418 1578 1345 1664; baseline -0.005 -15"><span class='ocrx_word' id='word_1_56' title='bbox 418 1601 530 1664; x_wconf 84' lang='lat' dir='ltr'><strong>suam,</strong></span> <span class='ocrx_word' id='word_1_57' title='bbox 557 1584 602 1648; x_wconf 92' lang='lat' dir='ltr'><strong>sic</strong></span> <span class='ocrx_word' id='word_1_58' title='bbox 630 1581 769 1649; x_wconf 90' lang='lat' dir='ltr'><strong>veritatis</strong></span> <span class='ocrx_word' id='word_1_59' title='bbox 793 1580 1018 1664; x_wconf 82' lang='lat' dir='ltr'><strong>J&#39;ustitiaeque,</strong></span> <span class='ocrx_word' id='word_1_60' title='bbox 1039 1578 1116 1644; x_wconf 88' lang='lat' dir='ltr'><strong>adde</strong></span> <span class='ocrx_word' id='word_1_61' title='bbox 1142 1594 1174 1644; x_wconf 88' lang='lat' dir='ltr'><strong>et</strong></span> <span class='ocrx_word' id='word_1_62' title='bbox 1201 1579 1345 1662; x_wconf 88' lang='lat' dir='ltr'><strong>philoso-</strong></span> 
     </span>
     <span class='ocr_line' id='line_1_11' title="bbox 325 1695 1347 1785; baseline -0.002 -22"><span class='ocrx_word' id='word_1_63' title='bbox 325 1749 334 1785; x_wconf 74' lang='lat'><strong>,</strong></span> <span class='ocrx_word' id='word_1_64' title='bbox 347 1747 365 1773; x_wconf 15' lang='grc' dir='ltr'><strong>,Α</strong></span> <span class='ocrx_word' id='word_1_65' title='bbox 418 1700 535 1781; x_wconf 89' lang='lat' dir='ltr'><strong>phiae‚</strong></span> <span class='ocrx_word' id='word_1_66' title='bbox 556 1716 695 1761; x_wconf 86' lang='lat' dir='ltr'><strong>caussam</strong></span> <span class='ocrx_word' id='word_1_67' title='bbox 728 1695 814 1778; x_wconf 88' lang='lat' dir='ltr'><strong>agit,</strong></span> <span class='ocrx_word' id='word_1_68' title='bbox 847 1708 907 1775; x_wconf 92' lang='lat' dir='ltr'><strong>ut,</strong></span> <span class='ocrx_word' id='word_1_69' title='bbox 930 1713 1020 1776; x_wconf 91' lang='lat' dir='ltr'><strong>quam</strong></span> <span class='ocrx_word' id='word_1_70' title='bbox 1050 1713 1146 1760; x_wconf 87' lang='lat' dir='ltr'><strong>vanae</strong></span> <span class='ocrx_word' id='word_1_71' title='bbox 1177 1696 1241 1760; x_wconf 93' lang='lat' dir='ltr'><strong>sint</strong></span> <span class='ocrx_word' id='word_1_72' title='bbox 1267 1695 1347 1762; x_wconf 90' lang='lat' dir='ltr'><strong>isto·</strong></span> 
     </span>
     <span class='ocr_line' id='line_1_12' title="bbox 328 1786 1344 1897; baseline -0.002 -18"><span class='ocrx_word' id='word_1_73' title='bbox 328 1793 352 1809; x_wconf 78' lang='lat'><strong>,.</strong></span> <span class='ocrx_word' id='word_1_74' title='bbox 380 1786 391 1822; x_wconf 53' lang='lat'>⁵</span> <span class='ocrx_word' id='word_1_75' title='bbox 418 1826 488 1879; x_wconf 90' lang='lat' dir='ltr'><strong>rum</strong></span> <span class='ocrx_word' id='word_1_76' title='bbox 520 1811 679 1879; x_wconf 91' lang='lat' dir='ltr'><strong>hominum</strong></span> <span class='ocrx_word' id='word_1_77' title='bbox 710 1811 944 1889; x_wconf 86' lang='lat' dir='ltr'><strong>cavillationes,</strong></span> <span class='ocrx_word' id='word_1_78' title='bbox 977 1829 1070 1891; x_wconf 91' lang='lat' dir='ltr'><strong>quam</strong></span> <span class='ocrx_word' id='word_1_79' title='bbox 1091 1827 1199 1877; x_wconf 90' lang='lat' dir='ltr'><strong>contra</strong></span> <span class='ocrx_word' id='word_1_80' title='bbox 1220 1813 1344 1897; x_wconf 86' lang='lat' dir='ltr'><strong>gravis,</strong></span> 
     </span>
     <span class='ocr_line' id='line_1_13' title="bbox 420 1926 1344 2013; baseline -0.002 -18"><span class='ocrx_word' id='word_1_81' title='bbox 420 1944 553 2013; x_wconf 87' lang='lat' dir='ltr'><strong>quantae</strong></span> <span class='ocrx_word' id='word_1_82' title='bbox 575 1930 607 1996; x_wconf 92' lang='lat' dir='ltr'><strong>in</strong></span> <span class='ocrx_word' id='word_1_83' title='bbox 633 1928 759 1994; x_wconf 87' lang='lat' dir='ltr'><strong>civitate</strong></span> <span class='ocrx_word' id='word_1_84' title='bbox 781 1926 973 1992; x_wconf 85' lang='lat' dir='ltr'><strong>auctoritatis</strong></span> <span class='ocrx_word' id='word_1_85' title='bbox 1006 1928 1057 1993; x_wconf 90' lang='lat' dir='ltr'><strong>illa</strong></span> <span class='ocrx_word' id='word_1_86' title='bbox 1085 1929 1262 2010; x_wconf 88' lang='lat' dir='ltr'><strong>eloquentia</strong></span> <span class='ocrx_word' id='word_1_87' title='bbox 1280 1930 1344 2009; x_wconf 92' lang='lat' dir='ltr'><strong>sit,</strong></span> 
     </span>
     <span class='ocr_line' id='line_1_14' title="bbox 418 2043 1347 2129; baseline -0.001 -18"><span class='ocrx_word' id='word_1_88' title='bbox 418 2065 596 2128; x_wconf 89' lang='lat' dir='ltr'><strong>quaecum</strong></span> <span class='ocrx_word' id='word_1_89' title='bbox 625 2044 844 2128; x_wconf 87' lang='lat' dir='ltr'><strong>philosophiae</strong></span> <span class='ocrx_word' id='word_1_90' title='bbox 874 2043 916 2108; x_wconf 90' lang='lat' dir='ltr'><strong>sit</strong></span> <span class='ocrx_word' id='word_1_91' title='bbox 937 2044 1041 2108; x_wconf 91' lang='lat' dir='ltr'><strong>studio</strong></span> <span class='ocrx_word' id='word_1_92' title='bbox 1070 2047 1257 2129; x_wconf 86' lang='lat' dir='ltr'><strong>conjuncta,</strong></span> <span class='ocrx_word' id='word_1_93' title='bbox 1279 2047 1347 2112; x_wconf 89' lang='lat' dir='ltr'><strong>cui·</strong></span> 
     </span>
     <span class='ocr_line' id='line_1_15' title="bbox 417 2159 1344 2245; baseline -0.002 -15"><span class='ocrx_word' id='word_1_94' title='bbox 417 2162 469 2230; x_wconf 84' lang='lat' dir='ltr'><strong>vis</strong></span> <span class='ocrx_word' id='word_1_95' title='bbox 495 2164 676 2245; x_wconf 88' lang='lat' dir='ltr'><strong>persuadeat</strong></span> <span class='ocrx_word' id='word_1_96' title='bbox 695 2159 797 2225; x_wconf 87' lang='lat' dir='ltr'><strong>facile.</strong></span> <span class='ocrx_word' id='word_1_97' title='bbox 842 2160 922 2227; x_wconf 84' lang='lat' dir='ltr'><strong>Nam</strong></span> <span class='ocrx_word' id='word_1_98' title='bbox 942 2176 1111 2242; x_wconf 86' lang='lat' dir='ltr'><strong>postquam</strong></span> <span class='ocrx_word' id='word_1_99' title='bbox 1131 2163 1177 2226; x_wconf 91' lang='lat' dir='ltr'><strong>sic</strong></span> <span class='ocrx_word' id='word_1_100' title='bbox 1200 2164 1344 2228; x_wconf 88' lang='lat' dir='ltr'><strong>Socrates</strong></span> 
     </span>
     <span class='ocr_line' id='line_1_16' title="bbox 419 2276 1344 2365; baseline -0.001 -19"><span class='ocrx_word' id='word_1_101' title='bbox 419 2282 514 2365; x_wconf 87' lang='lat' dir='ltr'><strong>hujus</strong></span> <span class='ocrx_word' id='word_1_102' title='bbox 544 2280 602 2346; x_wconf 85' lang='lat' dir='ltr'><strong>viri</strong></span> <span class='ocrx_word' id='word_1_103' title='bbox 625 2278 829 2360; x_wconf 88' lang='lat' dir='ltr'><strong>sapientiam,</strong></span> <span class='ocrx_word' id='word_1_104' title='bbox 852 2276 1059 2342; x_wconf 84' lang='lat' dir='ltr'><strong>admirabilem</strong></span> <span class='ocrx_word' id='word_1_105' title='bbox 1089 2277 1209 2345; x_wconf 89' lang='lat' dir='ltr'><strong>scilicet</strong></span> <span class='ocrx_word' id='word_1_106' title='bbox 1236 2281 1344 2358; x_wconf 89' lang='lat' dir='ltr'><strong>illam,</strong></span> 
     </span>
     <span class='ocr_line' id='line_1_17' title="bbox 419 2394 1348 2474; baseline 0.001 -12"><span class='ocrx_word' id='word_1_107' title='bbox 419 2397 549 2462; x_wconf 85' lang='lat' dir='ltr'><strong>summis</strong></span> <span class='ocrx_word' id='word_1_108' title='bbox 576 2396 718 2463; x_wconf 86' lang='lat' dir='ltr'><strong>laudibus</strong></span> <span class='ocrx_word' id='word_1_109' title='bbox 747 2395 922 2474; x_wconf 82' lang='lat' dir='ltr'><strong>extulerat,</strong></span> <span class='ocrx_word' id='word_1_110' title='bbox 944 2394 983 2457; x_wconf 89' lang='lat' dir='ltr'><strong>ad</strong></span> <span class='ocrx_word' id='word_1_111' title='bbox 1004 2395 1081 2457; x_wconf 87' lang='lat' dir='ltr'><strong>lranc</strong></span> <span class='ocrx_word' id='word_1_112' title='bbox 1113 2413 1184 2460; x_wconf 88' lang='lat' dir='ltr'><strong>eum</strong></span> <span class='ocrx_word' id='word_1_113' title='bbox 1212 2396 1348 2463; x_wconf 89' lang='lat' dir='ltr'><strong>necessi·</strong></span> 
     </span>
     <span class='ocr_line' id='line_1_18' title="bbox 420 2511 1349 2596; baseline -0.001 -16"><span class='ocrx_word' id='word_1_114' title='bbox 420 2527 515 2580; x_wconf 86' lang='lat' dir='ltr'><strong>tatem</strong></span> <span class='ocrx_word' id='word_1_115' title='bbox 546 2512 765 2596; x_wconf 84' lang='lat' dir='ltr'><strong>interrogando</strong></span> <span class='ocrx_word' id='word_1_116' title='bbox 787 2511 895 2595; x_wconf 90' lang='lat' dir='ltr'><strong>cogit,</strong></span> <span class='ocrx_word' id='word_1_117' title='bbox 927 2525 962 2575; x_wconf 89' lang='lat' dir='ltr'><strong>ut</strong></span> <span class='ocrx_word' id='word_1_118' title='bbox 985 2511 1094 2576; x_wconf 90' lang='lat' dir='ltr'><strong>decere</strong></span> <span class='ocrx_word' id='word_1_119' title='bbox 1122 2511 1255 2578; x_wconf 87' lang='lat' dir='ltr'><strong>fateatur</strong></span> <span class='ocrx_word' id='word_1_120' title='bbox 1280 2520 1349 2579; x_wconf 81' lang='lat' dir='ltr'><strong>ord·</strong></span> 
     </span>
     <span class='ocr_line' id='line_1_19' title="bbox 421 2627 1349 2708; baseline 0.002 -14"><span class='ocrx_word' id='word_1_121' title='bbox 421 2637 530 2708; x_wconf 88' lang='lat' dir='ltr'><strong>tor&#39;es,</strong></span> <span class='ocrx_word' id='word_1_122' title='bbox 559 2630 702 2694; x_wconf 90' lang='lat' dir='ltr'><strong>meliores</strong></span> <span class='ocrx_word' id='word_1_123' title='bbox 732 2627 864 2692; x_wconf 88' lang='lat' dir='ltr'><strong>dicendo</strong></span> <span class='ocrx_word' id='word_1_124' title='bbox 894 2627 1017 2692; x_wconf 88' lang='lat' dir='ltr'><strong>efficere</strong></span> <span class='ocrx_word' id='word_1_125' title='bbox 1038 2629 1141 2694; x_wconf 87' lang='lat' dir='ltr'><strong>cives.</strong></span> <span class='ocrx_word' id='word_1_126' title='bbox 1196 2631 1259 2696; x_wconf 80' lang='lat' dir='ltr'><strong>Ars</strong></span> <span class='ocrx_word' id='word_1_127' title='bbox 1290 2650 1349 2696; x_wconf 92' lang='lat' dir='ltr'><strong>no·</strong></span> 
     </span>
     <span class='ocr_line' id='line_1_20' title="bbox 417 2739 1349 2826; baseline 0.005 -18"><span class='ocrx_word' id='word_1_128' title='bbox 417 2741 491 2823; x_wconf 93' lang='lat' dir='ltr'><strong>bis,</strong></span> <span class='ocrx_word' id='word_1_129' title='bbox 520 2741 586 2822; x_wconf 89' lang='lat' dir='ltr'><strong>ait,</strong></span> <span class='ocrx_word' id='word_1_130' title='bbox 609 2739 641 2786; x_wconf 70' lang='lat'><strong>(¹)</strong></span> <span class='ocrx_word' id='word_1_131' title='bbox 672 2742 754 2807; x_wconf 91' lang='lat' dir='ltr'><strong>haud</strong></span> <span class='ocrx_word' id='word_1_132' title='bbox 798 2741 863 2808; x_wconf 89' lang='lat' dir='ltr'><strong>visa</strong></span> <span class='ocrx_word' id='word_1_133' title='bbox 891 2757 940 2808; x_wconf 91' lang='lat' dir='ltr'><strong>est</strong></span> <span class='ocrx_word' id='word_1_134' title='bbox 975 2762 1024 2807; x_wconf 91' lang='lat' dir='ltr'><strong>res</strong></span> <span class='ocrx_word' id='word_1_135' title='bbox 1058 2747 1260 2826; x_wconf 84' lang='lat' dir='ltr'><strong>coquinaria:</strong></span> <span class='ocrx_word' id='word_1_136' title='bbox 1299 2761 1349 2813; x_wconf 89' lang='lat' dir='ltr'><strong>est</strong></span> 
     </span>
     <span class='ocr_line' id='line_1_21' title="bbox 420 2857 1347 2946; baseline 0.002 -20"><span class='ocrx_word' id='word_1_137' title='bbox 420 2859 502 2926; x_wconf 81' lang='lat' dir='ltr'><strong>enim</strong></span> <span class='ocrx_word' id='word_1_138' title='bbox 523 2857 661 2944; x_wconf 61' lang='lat' dir='ltr'><strong>spesina</strong></span> <span class='ocrx_word' id='word_1_139' title='bbox 691 2860 863 2939; x_wconf 90' lang='lat' dir='ltr'><strong>quaedam,</strong></span> <span class='ocrx_word' id='word_1_140' title='bbox 905 2861 1034 2945; x_wconf 78' lang='grc' dir='ltr'><em>ἄτεχνος</em></span> <span class='ocrx_word' id='word_1_141' title='bbox 1065 2867 1175 2946; x_wconf 66' lang='lat' dir='ltr'><strong>epidi:</strong></span> <span class='ocrx_word' id='word_1_142' title='bbox 1208 2863 1263 2929; x_wconf 85' lang='lat' dir='ltr'><strong>sed</strong></span> <span class='ocrx_word' id='word_1_143' title='bbox 1286 2864 1347 2929; x_wconf 91' lang='lat' dir='ltr'><strong>hoc</strong></span> 
     </span>
     <span class='ocr_line' id='line_1_22' title="bbox 421 2974 1349 3063; baseline 0.002 -19"><span class='ocrx_word' id='word_1_144' title='bbox 421 2978 544 3044; x_wconf 85' lang='lat' dir='ltr'><strong>demum</strong></span> <span class='ocrx_word' id='word_1_145' title='bbox 565 2976 638 3041; x_wconf 90' lang='lat' dir='ltr'><strong>artis</strong></span> <span class='ocrx_word' id='word_1_146' title='bbox 658 2974 785 3040; x_wconf 91' lang='lat' dir='ltr'><strong>nomine</strong></span> <span class='ocrx_word' id='word_1_147' title='bbox 806 2974 958 3039; x_wconf 79' lang='lat' dir='ltr'><strong>medicina</strong></span> <span class='ocrx_word' id='word_1_148' title='bbox 981 2976 1109 3042; x_wconf 88' lang='lat' dir='ltr'><strong>dicenda</strong></span> <span class='ocrx_word' id='word_1_149' title='bbox 1137 2994 1207 3058; x_wconf 89' lang='lat' dir='ltr'><strong>est,</strong></span> <span class='ocrx_word' id='word_1_150' title='bbox 1230 2980 1349 3063; x_wconf 91' lang='lat' dir='ltr'><strong>quippe</strong></span> 
     </span>
     <span class='ocr_line' id='line_1_23' title="bbox 422 3089 1351 3173; baseline 0.003 -18"><span class='ocrx_word' id='word_1_151' title='bbox 422 3108 503 3173; x_wconf 90' lang='lat' dir='ltr'><strong>quae</strong></span> <span class='ocrx_word' id='word_1_152' title='bbox 530 3092 621 3173; x_wconf 83' lang='lat' dir='ltr'><strong>qu‘us</strong></span> <span class='ocrx_word' id='word_1_153' title='bbox 648 3089 888 3169; x_wconf 81' lang='lat' dir='ltr'><strong>curam-habet,</strong></span> <span class='ocrx_word' id='word_1_154' title='bbox 911 3091 1049 3172; x_wconf 82' lang='lat' dir='ltr'><strong>ejusdem</strong></span> <span class='ocrx_word' id='word_1_155' title='bbox 1071 3108 1102 3156; x_wconf 88' lang='lat' dir='ltr'><strong>et</strong></span> <span class='ocrx_word' id='word_1_156' title='bbox 1131 3108 1271 3157; x_wconf 91' lang='lat' dir='ltr'><strong>naturam</strong></span> <span class='ocrx_word' id='word_1_157' title='bbox 1295 3115 1351 3159; x_wconf 86' lang='lat' dir='ltr'><strong>ex·</strong></span> 
     </span>
     <span class='ocr_line' id='line_1_24' title="bbox 421 3206 1351 3294; baseline 0.005 -22"><span class='ocrx_word' id='word_1_158' title='bbox 421 3209 530 3294; x_wconf 87' lang='lat' dir='ltr'><strong>plorat·</strong></span> <span class='ocrx_word' id='word_1_159' title='bbox 547 3221 579 3272; x_wconf 89' lang='lat' dir='ltr'><strong>ct</strong></span> <span class='ocrx_word' id='word_1_160' title='bbox 606 3223 732 3271; x_wconf 88' lang='lat' dir='ltr'><strong>caussas</strong></span> <span class='ocrx_word' id='word_1_161' title='bbox 758 3206 869 3289; x_wconf 86' lang='lat' dir='ltr'><strong>agendi</strong></span> <span class='ocrx_word' id='word_1_162' title='bbox 899 3207 1058 3290; x_wconf 84' lang='lat' dir='ltr'><strong>exquirit,</strong></span> <span class='ocrx_word' id='word_1_163' title='bbox 1091 3223 1121 3273; x_wconf 90' lang='lat' dir='ltr'><strong>et</strong></span> <span class='ocrx_word' id='word_1_164' title='bbox 1150 3210 1261 3274; x_wconf 89' lang='lat' dir='ltr'><strong>horum</strong></span> <span class='ocrx_word' id='word_1_165' title='bbox 1283 3230 1351 3277; x_wconf 92' lang='lat' dir='ltr'><strong>om·</strong></span> 
     </span>
     <span class='ocr_line' id='line_1_25' title="bbox 421 3322 1350 3408; baseline 0.001 -15"><span class='ocrx_word' id='word_1_166' title='bbox 421 3325 509 3393; x_wconf 88' lang='lat' dir='ltr'><strong>nium</strong></span> <span class='ocrx_word' id='word_1_167' title='bbox 538 3323 671 3390; x_wconf 87' lang='lat' dir='ltr'><strong>rationes</strong></span> <span class='ocrx_word' id='word_1_168' title='bbox 693 3322 755 3388; x_wconf 90' lang='lat' dir='ltr'><strong>sibi</strong></span> <span class='ocrx_word' id='word_1_169' title='bbox 778 3324 905 3390; x_wconf 90' lang='lat' dir='ltr'><strong>reddere</strong></span> <span class='ocrx_word' id='word_1_170' title='bbox 924 3339 1051 3408; x_wconf 80' lang='lat' dir='ltr'><strong>potest:</strong></span> <span class='ocrx_word' id='word_1_171' title='bbox 1079 3327 1173 3392; x_wconf 89' lang='lat' dir='ltr'><strong>altera</strong></span> <span class='ocrx_word' id='word_1_172' title='bbox 1195 3346 1270 3394; x_wconf 89' lang='lat' dir='ltr'><strong>vero</strong></span> <span class='ocrx_word' id='word_1_173' title='bbox 1298 3329 1350 3395; x_wconf 85' lang='lat' dir='ltr'><strong>illa</strong></span> 
     </span>
     <span class='ocr_line' id='line_1_26' title="bbox 421 3440 1353 3529; baseline 0.005 -21"><span class='ocrx_word' id='word_1_174' title='bbox 421 3442 535 3509; x_wconf 89' lang='lat' dir='ltr'><strong>horum</strong></span> <span class='ocrx_word' id='word_1_175' title='bbox 566 3440 647 3506; x_wconf 91' lang='lat' dir='ltr'><strong>nihil</strong></span> <span class='ocrx_word' id='word_1_176' title='bbox 676 3440 833 3522; x_wconf 88' lang='lat' dir='ltr'><strong>inquirit,</strong></span> <span class='ocrx_word' id='word_1_177' title='bbox 857 3443 976 3527; x_wconf 90' lang='lat' dir='ltr'><strong>quippe</strong></span> <span class='ocrx_word' id='word_1_178' title='bbox 1008 3444 1099 3511; x_wconf 88' lang='lat' dir='ltr'><strong>unice</strong></span> <span class='ocrx_word' id='word_1_179' title='bbox 1127 3448 1283 3529; x_wconf 86' lang='lat' dir='ltr'><strong>voluptati</strong></span> <span class='ocrx_word' id='word_1_180' title='bbox 1304 3446 1353 3513; x_wconf 88' lang='lat' dir='ltr'><strong>in·</strong></span> 
     </span>
     <span class='ocr_line' id='line_1_27' title="bbox 423 3557 1353 3645; baseline 0.001 -20"><span class='ocrx_word' id='word_1_181' title='bbox 423 3558 577 3625; x_wconf 85' lang='lat' dir='ltr'><strong>serviens.</strong></span> <span class='ocrx_word' id='word_1_182' title='bbox 635 3557 697 3622; x_wconf 90' lang='lat' dir='ltr'><strong>Sed</strong></span> <span class='ocrx_word' id='word_1_183' title='bbox 727 3557 819 3635; x_wconf 82' lang='lat' dir='ltr'><strong>vide,</strong></span> <span class='ocrx_word' id='word_1_184' title='bbox 864 3579 938 3625; x_wconf 94' lang='lat' dir='ltr'><strong>num</strong></span> <span class='ocrx_word' id='word_1_185' title='bbox 972 3561 1035 3627; x_wconf 95' lang='lat' dir='ltr'><strong>sint</strong></span> <span class='ocrx_word' id='word_1_186' title='bbox 1059 3565 1207 3645; x_wconf 90' lang='lat' dir='ltr'><strong>quaedam</strong></span> <span class='ocrx_word' id='word_1_187' title='bbox 1230 3565 1286 3630; x_wconf 85' lang='lat' dir='ltr'><strong>alia</strong></span> <span class='ocrx_word' id='word_1_188' title='bbox 1309 3564 1353 3629; x_wconf 90' lang='lat' dir='ltr'><strong>sl·</strong></span> 
     </span>
     <span class='ocr_line' id='line_1_28' title="bbox 423 3672 1349 3760; baseline 0.003 -21"><span class='ocrx_word' id='word_1_189' title='bbox 423 3673 507 3739; x_wconf 89' lang='lat' dir='ltr'><strong>milia</strong></span> <span class='ocrx_word' id='word_1_190' title='bbox 544 3672 668 3753; x_wconf 84' lang='lat' dir='ltr'><strong>studia,</strong></span> <span class='ocrx_word' id='word_1_191' title='bbox 692 3692 772 3755; x_wconf 85' lang='lat' dir='ltr'><strong>quae</strong></span> <span class='ocrx_word' id='word_1_192' title='bbox 793 3693 869 3740; x_wconf 89' lang='lat' dir='ltr'><strong>veto</strong></span> <span class='ocrx_word' id='word_1_193' title='bbox 892 3696 956 3745; x_wconf 89' lang='lat' dir='ltr'><strong>non</strong></span> <span class='ocrx_word' id='word_1_194' title='bbox 976 3696 1117 3760; x_wconf 87' lang='lat' dir='ltr'><strong>corpus,</strong></span> <span class='ocrx_word' id='word_1_195' title='bbox 1140 3681 1195 3744; x_wconf 85' lang='lat' dir='ltr'><strong>sed</strong></span> <span class='ocrx_word' id='word_1_196' title='bbox 1215 3685 1349 3742; x_wconf 88' lang='lat' dir='ltr'><strong>animum</strong></span> 
     </span>
     <span class='ocr_line' id='line_1_29' title="bbox 423 3792 1352 3878; baseline -0.001 -19"><span class='ocrx_word' id='word_1_197' title='bbox 423 3802 591 3873; x_wconf 88' lang='lat' dir='ltr'><strong>spectant,</strong></span> <span class='ocrx_word' id='word_1_198' title='bbox 631 3792 741 3872; x_wconf 90' lang='lat' dir='ltr'><strong>partim</strong></span> <span class='ocrx_word' id='word_1_199' title='bbox 771 3810 842 3856; x_wconf 91' lang='lat' dir='ltr'><strong>cum</strong></span> <span class='ocrx_word' id='word_1_200' title='bbox 872 3809 938 3858; x_wconf 88' lang='lat' dir='ltr'><strong>arte</strong></span> <span class='ocrx_word' id='word_1_201' title='bbox 968 3799 1159 3878; x_wconf 85' lang='lat' dir='ltr'><strong>conjuncta,</strong></span> <span class='ocrx_word' id='word_1_202' title='bbox 1193 3808 1229 3856; x_wconf 85' lang='lat' dir='ltr'><strong>ut</strong></span> <span class='ocrx_word' id='word_1_203' title='bbox 1258 3793 1352 3858; x_wconf 84' lang='lat' dir='ltr'><strong>animi</strong></span> 
     </span>
    </p>

    <p class='ocr_par' dir='ltr' id='par_1_8' title="bbox 1306 3926 1355 3975">
     <span class='ocr_line' id='line_1_30' title="bbox 1306 3926 1355 3975; baseline 0.041 -2"><span class='ocrx_word' id='word_1_204' title='bbox 1306 3926 1355 3975; x_wconf 88' lang='lat' dir='ltr'><strong>sa·</strong></span> 
     </span>
    </p>

    <p class='ocr_par' dir='ltr' id='par_1_9' title="bbox 460 4038 1268 4116">
     <span class='ocr_line' id='line_1_31' title="bbox 460 4038 1268 4116; baseline -0.002 -18"><span class='ocrx_word' id='word_1_205' title='bbox 460 4042 508 4116; x_wconf 80' lang='lat' dir='ltr'><strong>(r)</strong></span> <span class='ocrx_word' id='word_1_206' title='bbox 525 4041 611 4110; x_wconf 66' lang='lat' dir='ltr'><strong>Gora.</strong></span> <span class='ocrx_word' id='word_1_207' title='bbox 627 4039 680 4098; x_wconf 73' lang='lat'><strong>⁴86</strong></span> <span class='ocrx_word' id='word_1_208' title='bbox 697 4040 735 4095; x_wconf 78' lang='lat'><strong>1).</strong></span> <span class='ocrx_word' id='word_1_209' title='bbox 751 4044 867 4098; x_wconf 66' lang='grc'><strong>-488,</strong></span> <span class='ocrx_word' id='word_1_210' title='bbox 886 4042 917 4095; x_wconf 78' lang='grc' dir='ltr'><strong>Β.</strong></span> <span class='ocrx_word' id='word_1_211' title='bbox 988 4040 1032 4116; x_wconf 83' lang='lat' dir='ltr'><strong>(a)</strong></span> <span class='ocrx_word' id='word_1_212' title='bbox 1050 4038 1135 4112; x_wconf 67' lang='lat' dir='ltr'><strong>Gorg.</strong></span> <span class='ocrx_word' id='word_1_213' title='bbox 1152 4042 1213 4100; x_wconf 73' lang='lat' dir='ltr'><strong>doo-</strong></span> <span class='ocrx_word' id='word_1_214' title='bbox 1235 4042 1268 4096; x_wconf 82' lang='grc' dir='ltr'><strong>Ε.</strong></span> 
     </span>
    </p>
   </div>
   <div class='ocr_carea' id='block_1_7' title="bbox 0 0 1511 5220">
    <p class='ocr_par' dir='ltr' id='par_1_10' title="bbox 0 0 1511 5220">
     <span class='ocr_line' id='line_1_32' title="bbox 0 0 1511 5220; baseline 0 0"><span class='ocrx_word' id='word_1_215' title='bbox 0 0 1511 5220; x_wconf 95' lang='lat' dir='ltr'><strong> </strong></span> 
     </span>
    </p>
   </div>
  </div>
 </body>
</html>
