2992 5220
637 463 840 542 ..135-

268 644 411 729 'singuIa-
435 629 582 707 adhibere
614 652 646 704 et
683 639 808 721 quando
848 626 881 708 et
913 626 1084 729 quousque
1103 669 1200 735 opor.

275 762 366 829 terti
385 797 432 816 -
453 760 540 841 Ergo
562 756 589 821 si
614 755 717 838 dicat,
750 759 838 823 nullo
868 763 964 827 modo
990 782 1025 830 se
1043 764 1120 828 illud
1142 766 1204 832 sci·

271 860 337 960 're,
359 879 414 943 sed
434 888 707 958 oportere,eu1n,
732 874 786 956 qui
804 876 842 940 ab
859 877 931 960 ipso
948 877 1113 961 didicerit,
1134 882 1206 946 talia

277 982 425 1077 quaedam
450 991 553 1057 facere
578 1007 696 1074 posse,
718 991 795 1071 quid
825 994 1092 1076 respondebunt?
1111 993 1144 1041 ‘¹'
1163 1033 1208 1049 -

277 1109 552 1194 Respondebunt‚
585 1106 723 1189 opinor:
762 1111 882 1174 insanit
911 1112 1020 1177 homo:
1059 1127 1089 1178 et
1129 1113 1210 1179 libro

278 1230 377 1294 nescio
408 1248 468 1313 quo
497 1225 640 1305 edoctus,
680 1226 752 1305 nel,
783 1240 819 1291 ut
848 1230 883 1290 in
909 1227 1133 1295 medicamenta
1160 1235 1210 1296 in·

279 1341 359 1408 cidit
385 1341 563 1428 quaedam,
586 1347 635 1406 ita
654 1341 803 1407 medicum
825 1364 856 1407 se
873 1344 997 1422 sactum
1010 1360 1132 1433 putat,
1154 1368 1211 1412 ar·

281 1459 323 1524 tis
344 1475 476 1545 prorsus
499 1459 676 1542 imperitus.
707 1490 753 1505 -
783 1457 870 1538 Quid
898 1459 1004 1525 vero?
1027 1461 1061 1528 si
1081 1463 1119 1526 ad
1152 1462 1212 1528 So·

280 1575 430 1658 phoclem
464 1572 537 1654 quis
565 1584 620 1634 aut
647 1569 830 1652 Euripidem
861 1572 1032 1655 accedens,
1065 1577 1146 1643 scire
1177 1556 1213 1644 se

282 1690 364 1754 dicat
399 1690 436 1754 de
467 1690 564 1769 parva
598 1703 632 1750 re
662 1685 814 1768 prolixam
844 1687 1015 1753 orationem
1038 1689 1153 1757 habere
1180 1706 1213 1758 et

282 1819 393 1870 contra
425 1805 463 1869 de
493 1805 605 1887 magni
643 1801 881 1881 brevissimam,
915 1816 946 1867 et
983 1804 1109 1883 quoties
1136 1807 1215 1873 velit

283 1921 415 1988 dicendo
437 1918 679 1986 misericordiam
708 1936 835 1983 movere
864 1933 896 1984 et
926 1933 1034 1983 contra
1063 1935 1217 2001 perterre·

285 2036 387 2104 facere
410 2054 441 2101 et
468 2036 602 2116 minari,
635 2049 666 2100 et
695 2053 780 2115 quae.
800 2034 856 2099 alia
880 2034 1097 2118 hujuscemodi
1118 2052 1213 2104 sunta

284 2171 385 2236 seque
412 2153 461 2218 his
495 2153 642 2217 docendis
673 2167 763 2233 putet
797 2152 941 2235 tragicam
970 2151 1083 2236 poesin
1116 2155 1217 2221 trade·

285 2272 348 2336 rei
386 2303 434 2324 ·-
465 2270 509 2335 Et
538 2269 596 2349 hi,
630 2288 649 2332 o
682 2269 849 2349 Socrates,
886 2270 1025 2352 opinor,
1057 2270 1215 2354 riderent,

287 2387 315 2453 si
345 2387 417 2469 quis
442 2385 619 2452 aliudesse
660 2384 846 2470 tragoediam
877 2386 1090 2468 existimaret,
1123 2409 1215 2470 quam

287 2504 400 2568 horum
423 2502 684 2586 compositionem
718 2518 748 2567 et
777 2502 919 2596 partibus
953 2504 1087 2571 invicem
1111 2519 1142 2570 et
1168 2521 1219 2573 to·

286 2621 313 2687 ti
350 2620 603 2686 convenientem.
646 2657 694 2672 -
723 2620 802 2683 Non
831 2636 936 2685 tamen
970 2622 1109 2704 rustice,
1153 2640 1221 2689 cre·

287 2739 353 2818 do,
379 2735 603 2819 increparent,
622 2737 700 2817 sed,
729 2735 774 2799 uti
803 2737 941 2801 musicus
961 2736 994 2802 in
1019 2737 1122 2803 virum
1144 2739 1221 2804 inci·

285 2855 385 2936 dens,
409 2853 465 2936 qui
488 2872 524 2919 se
541 2872 612 2919 csse
629 2851 842 2919 harmonicum
870 2867 1037 2936 propterea
1065 2854 1220 2920 existima·

288 2983 357 3048 ret,
380 2970 467 3048 quod
496 2970 629 3034 chordas
660 2983 771 3052 posset
795 2968 990 3032 acutissimas
1020 2942 1222 3050 etgravissi·

289 3100 355 3150 ruas
381 3082 519 3163 efficere,
541 3100 607 3146 non
634 3086 742 3150 rudius
772 3084 907 3162 diceret,
935 3084 1079 3163 insanis,
1103 3086 1221 3171 miser‚·

1145 3202 1201 3267 sed
1213 3250 1225 3285 ,

328 3403 557 3477 (tJCorrupturn
583 3401 693 3464 iocum,
732 3407 763 3451 ut
784 3401 884 3471 partim
914 3398 1076 3451 Heindorfio
1102 3398 1222 3471 placuit,

291 3500 331 3555 tic
342 3508 430 3554 totum
450 3499 736 3570 restituendumputo:
756 3491 776 3552 ἃ
796 3493 912 3566 troam·
938 3495 969 3551 ri
989 3494 1092 3553 elxam
1113 3493 1168 3556 ἅνς
1187 3500 1220 3554 Φ.

292 3597 406 3657 etnam
427 3595 483 3665 uo,
504 3593 603 3669 ripas,
625 3595 680 3652 ὅτι.
701 3629 738 3642 -
757 3593 834 3664 Quae
850 3594 929 3666 plane
946 3593 1083 3647 Platonica
1105 3613 1160 3648 erae
1178 3597 1226 3652 vi·

294 3695 374 3748 detur
395 3697 424 3748 in
449 3696 604 3768 hujusmodi
631 3692 862 3748 commemorando
882 3693 996 3745 aliorum
1008 3710 1130 3746 sermone
1145 3697 1224 3751 ratio.

275 3784 394 3854 'noun
411 3793 439 3844 in
455 3792 511 3845 illi·
530 3791 617 3851 airis
629 3785 715 3849 oiiur’
738 3786 809 3848 εἶναι
830 3792 919 3849 ποιεῖν
942 3807 996 3843 non
1024 3792 1224 3850 roliieiundun

295 3883 429 3937 existimo.
474 3879 532 3951 Qui
548 3882 693 3950 respondet
709 3880 804 3933 rudior
821 3887 883 3944 art,
905 3886 992 3950 quarnj
1009 3883 1057 3952 qui
1078 3882 1128 3946 id,
1149 3881 1224 3951 quod

297 3982 452 4054 quoeritnr,
487 3986 611 4034 necunde
641 3979 796 4060 perspiciat.
827 3977 923 4051 licque
939 3982 1064 4036 insanire
1086 3980 1197 4046 dieitur·
