2992 5220
515 503 560 517 ..
582 486 641 549 1„
661 501 716 517 ...

143 666 280 728 sequor:
323 665 364 714 ne
399 646 494 731 igitur
522 664 613 730 aegre
641 645 722 711 feras
756 646 870 726 uelim,
914 646 942 710 si
973 647 1077 715 libera

141 762 322 828 sententiam
350 763 470 829 dixero.
522 762 639 828 Nonne
661 775 754 845 turpe
780 761 839 827 tibi
867 778 938 827 esse
961 761 1070 828 existi·

141 896 231 960 mas,
253 880 295 945 ita
314 895 524 961 comparatum
556 897 644 958 esse,
668 880 926 960 quemadmodum
948 893 980 944 et
1001 897 1070 947 oto·

140 1008 224 1061 teros
257 1014 294 1061 se
321 995 433 1060 babere
462 994 612 1075 arbitror,
646 995 699 1075 qui
725 996 864 1077 diutius,
895 1014 987 1076 quarn
1012 1015 1069 1078 pat

142 1127 212 1192 est,
240 1111 469 1194 philosophiam
494 1111 751 1194 persequuntur?
781 1111 864 1176 Nam
894 1111 922 1176 si
950 1112 1069 1179 accido·

141 1228 207 1308 rit,
230 1240 266 1291 ut
294 1230 345 1294 vel
371 1242 403 1293 te
429 1229 481 1293 vel
502 1229 594 1293 alium
623 1228 669 1293 tui
698 1228 829 1294 similem
859 1228 891 1292 in
913 1247 1068 1295 carcerem

120 1345 212 1426 -quis
242 1345 388 1424 duceret,
411 1343 536 1423 dicens,
558 1361 590 1410 te
616 1344 730 1427 injusta
754 1344 937 1427 peregisse,
960 1364 1077 1426 quam·-

140 1463 190 1527 vis
217 1478 282 1525 non
302 1462 498 1546 peregisses,
520 1478 555 1526 tu
577 1480 673 1542 sane,
696 1460 772 1542 quid
800 1479 930 1545 ageres,
954 1476 1077 1542 quote

140 1593 365 1656 converteres,
388 1596 452 1642 non
480 1578 634 1656 baberes3
658 1578 738 1658 sed,
759 1577 822 1642 acsi
845 1578 998 1660 vertigine
1027 1580 1072 1645 la·

141 1695 267 1785 bontrcs
296 1694 403 1759 subito
430 1709 462 1759 et
490 1694 660 1773 oscitares,
691 1694 773 1758 baud
795 1694 949 1759 invenires
982 1694 1072 1776 quod

142 1808 282 1874 diceresr
306 1823 373 1871 turn
405 1809 437 1872 in
464 1809 597 1872 tribunal
628 1811 815 1888 escendens,
837 1825 972 1901 actorem
999 1830 1073 1878 nac·

141 1940 194 1989 tus
223 1924 380 1990 hominem
408 1924 500 1987 vilem
529 1925 770 2008 abjectumque,
791 1927 935 2008 capitali,
957 1928 984 1991 si
1006 1929 1075 2010 ipsi.

141 2044 322 2121 videretur,
345 2040 503 2124 supplicio
532 2041 723 2123 plecteretis.
768 2041 870 2134 Atqui
893 2042 943 2121 id,
966 2061 986 2104 o
1012 2043 1072 2107 So·

141 2173 261 2240 crates,
292 2157 452 2239 quomodo
478 2157 539 2222 dici
563 2157 697 2238 prudens
730 2157 919 2239 sapiensque
943 2158 1070 2242 possit,

142 2276 170 2341 si
194 2294 256 2356 qua
278 2295 327 2338 ars
355 2275 507 2358 ingenuae
540 2275 653 2337 mentis
693 2288 781 2337 nacta
810 2274 930 2355 virum,
971 2277 1073 2341 reddit

142 2392 350 2470 deteriorem,
393 2405 429 2453 ut
464 2409 521 2454 nec
552 2388 611 2451 sibi
644 2388 705 2469 ipsi
732 2386 813 2451 ferre
839 2407 932 2470 opem
966 2390 1072 2471 possit

142 2526 198 2572 nec
229 2524 247 2571 e
275 2504 467 2589 gravissimis
498 2502 644 2587 periculis
673 2523 707 2567 se
738 2518 791 2567 aut
821 2504 914 2567 alium
946 2505 1074 2587 expedi·

143 2641 199 2701 re,
237 2621 275 2685 ab
303 2621 434 2685 inimicis
462 2639 538 2685 vcro
569 2617 685 2702 opibus
711 2620 889 2701 spolietur,
925 2637 1073 2702 prorsus·

143 2758 206 2822 que
231 2737 352 2804 infamis
377 2738 409 2802 in
439 2736 564 2803 civitate
585 2737 697 2802 vium?
721 2735 792 2800 Tali
814 2736 906 2816 uiro,
930 2737 990 2802 nisi
1010 2737 1075 2803 dic·

142 2871 178 2921 tu
209 2855 253 2922 sit
284 2854 461 2938 agrestius,
500 2856 549 2918 vel
578 2855 745 2937 colaphum
777 2854 917 2938 infligere
946 2855 1074 2938 impune

142 2971 226 3038 licet.
272 2971 333 3037 Sed
361 2972 436 3037 milri
457 2972 572 3051 crede,
595 2990 615 3034 o
642 2970 742 3036 bone:
766 2991 851 3036 cessa
880 2973 1014 3055 argutari
1043 2989 1076 3037 et

139 3090 251 3154 decora
289 3108 390 3154 rerum
419 3088 521 3154 studia
554 3107 706 3170 capesse,
745 3088 861 3170 quibus
893 3107 1002 3172 sapere
1029 3089 1075 3154 ui·

142 3206 253 3271 dearis.
278 3206 309 3251 <¹³

185 3320 272 3384 llaec
303 3320 449 3385 Callicles
478 3319 638 3400 ingeniose
670 3339 762 3400 sane,
795 3321 849 3383 sed
870 3320 999 3386 acerbe:
1022 3324 1076 3386 cui

143 3435 221 3500 mira
255 3434 383 3515 quadam
414 3434 531 3497 ironiae
559 3434 592 3498 vi
620 3435 789 3516 respondet
818 3433 973 3499 Socrates.
1040 3435 1075 3501 Si

141 3571 269 3617 aureum
294 3568 393 3616 essem
413 3549 548 3614 animum
568 3564 698 3629 nactus,
720 3569 740 3614 o
762 3549 934 3627 Callicles,
955 3549 1076 3631 inquit,

140 3687 247 3736 nonne
274 3682 366 3750 putas
399 3666 541 3731 lubenter
570 3654 627 3731 me'
647 3681 841 3750 reperturum
870 3666 1004 3749 aliquem
1036 3687 1076 3737 ex

141 3787 190 3852 bis
215 3785 393 3870 lapidibus,
416 3783 534 3866 quibus
554 3783 709 3867 explorari
737 3802 847 3848 aurum
869 3785 972 3866 solet,
997 3783 1081 3867 opti·

972 3922 1074 3983 mum,

179 4035 222 4108 p)
242 4035 343 4108 otuu.
359 4041 412 4096 aat
429 4040 462 4093 c.
479 4040 529 4095 aas
547 4042 586 4098 o.
