<?xml version="1.0" encoding="UTF-8"?>
<!DOCTYPE html PUBLIC "-//W3C//DTD XHTML 1.0 Transitional//EN"
    "http://www.w3.org/TR/xhtml1/DTD/xhtml1-transitional.dtd">
<html xmlns="http://www.w3.org/1999/xhtml" xml:lang="en" lang="en">
 <head>
  <title>
</title>
<meta http-equiv="Content-Type" content="text/html;charset=utf-8" />
  <meta name='ocr-system' content='tesseract 3.04.00' />
  <meta name='ocr-capabilities' content='ocr_page ocr_carea ocr_par ocr_line ocrx_word'/>
</head>
<body>
  <div class='ocr_page' id='page_1' title='image "./initiaphilosoph01heusgoog_0232.png"; bbox 0 0 2992 5220; ppageno 0'>
   <div class='ocr_carea' id='block_1_1' title="bbox 669 474 839 540">
    <p class='ocr_par' dir='ltr' id='par_1_1' title="bbox 669 474 839 540">
     <span class='ocr_line' id='line_1_1' title="bbox 669 474 839 540; baseline 0.006 -29"><span class='ocrx_word' id='word_1_1' title='bbox 669 474 839 540; x_wconf 63' lang='grc'><em>...35-</em></span> 
     </span>
    </p>
   </div>
   <div class='ocr_carea' id='block_1_2' title="bbox 278 640 1221 2237">
    <p class='ocr_par' dir='ltr' id='par_1_2' title="bbox 278 640 1221 2237">
     <span class='ocr_line' id='line_1_2' title="bbox 292 640 1221 724; baseline 0.008 -18"><span class='ocrx_word' id='word_1_2' title='bbox 292 644 346 722; x_wconf 90' lang='lat' dir='ltr'><strong>qni</strong></span> <span class='ocrx_word' id='word_1_3' title='bbox 376 640 444 724; x_wconf 89' lang='lat' dir='ltr'><strong>ipse</strong></span> <span class='ocrx_word' id='word_1_4' title='bbox 464 660 565 707; x_wconf 81' lang='lat' dir='ltr'><strong>earum</strong></span> <span class='ocrx_word' id='word_1_5' title='bbox 598 640 703 706; x_wconf 87' lang='lat' dir='ltr'><strong>studio</strong></span> <span class='ocrx_word' id='word_1_6' title='bbox 723 647 833 708; x_wconf 79' lang='lat' dir='ltr'><strong>natura</strong></span> <span class='ocrx_word' id='word_1_7' title='bbox 860 642 996 708; x_wconf 87' lang='lat' dir='ltr'><strong>ducitur.</strong></span> <span class='ocrx_word' id='word_1_8' title='bbox 1041 642 1135 712; x_wconf 88' lang='lat' dir='ltr'><strong>Unde</strong></span> <span class='ocrx_word' id='word_1_9' title='bbox 1151 658 1221 715; x_wconf 88' lang='lat' dir='ltr'><strong>stu·</strong></span> 
     </span>
     <span class='ocr_line' id='line_1_3' title="bbox 287 757 1216 842; baseline 0.004 -16"><span class='ocrx_word' id='word_1_10' title='bbox 287 760 381 842; x_wconf 82' lang='lat' dir='ltr'><strong>pendi</strong></span> <span class='ocrx_word' id='word_1_11' title='bbox 409 759 604 840; x_wconf 81' lang='lat' dir='ltr'><strong>explicantur</strong></span> <span class='ocrx_word' id='word_1_12' title='bbox 626 757 751 827; x_wconf 87' lang='lat' dir='ltr'><strong>illorum</strong></span> <span class='ocrx_word' id='word_1_13' title='bbox 770 759 803 824; x_wconf 92' lang='lat' dir='ltr'><strong>in</strong></span> <span class='ocrx_word' id='word_1_14' title='bbox 834 759 985 826; x_wconf 89' lang='lat' dir='ltr'><strong>doctrinis</strong></span> <span class='ocrx_word' id='word_1_15' title='bbox 1010 777 1216 842; x_wconf 70' lang='lat' dir='ltr'><strong>progressus,</strong></span> 
     </span>
     <span class='ocr_line' id='line_1_4' title="bbox 286 873 1217 959; baseline 0.003 -17"><span class='ocrx_word' id='word_1_16' title='bbox 286 877 342 959; x_wconf 91' lang='lat' dir='ltr'><strong>qui</strong></span> <span class='ocrx_word' id='word_1_17' title='bbox 369 879 481 942; x_wconf 79' lang='lat' dir='ltr'><strong>natura</strong></span> <span class='ocrx_word' id='word_1_18' title='bbox 505 888 581 940; x_wconf 89' lang='lat' dir='ltr'><strong>sunt</strong></span> <span class='ocrx_word' id='word_1_19' title='bbox 602 873 799 957; x_wconf 75' lang='lat' dir='ltr'><strong>philosophi.</strong></span> <span class='ocrx_word' id='word_1_20' title='bbox 845 874 908 943; x_wconf 84' lang='lat' dir='ltr'><strong>sed</strong></span> <span class='ocrx_word' id='word_1_21' title='bbox 928 875 1034 943; x_wconf 90' lang='lat' dir='ltr'><strong>indole</strong></span> <span class='ocrx_word' id='word_1_22' title='bbox 1060 873 1217 959; x_wconf 81' lang='lat' dir='ltr'><strong>descripta</strong></span> 
     </span>
     <span class='ocr_line' id='line_1_5' title="bbox 282 989 1217 1077; baseline 0.003 -21"><span class='ocrx_word' id='word_1_23' title='bbox 282 994 460 1075; x_wconf 78' lang='lat' dir='ltr'><strong>juvenum,</strong></span> <span class='ocrx_word' id='word_1_24' title='bbox 490 1009 572 1073; x_wconf 92' lang='lat' dir='ltr'><strong>quos</strong></span> <span class='ocrx_word' id='word_1_25' title='bbox 602 989 788 1064; x_wconf 83' lang='lat' dir='ltr'><strong>erudiendos</strong></span> <span class='ocrx_word' id='word_1_26' title='bbox 810 992 1032 1077; x_wconf 78' lang='lat' dir='ltr'><strong>suscepimus,</strong></span> <span class='ocrx_word' id='word_1_27' title='bbox 1054 1009 1121 1074; x_wconf 88' lang='lat' dir='ltr'><strong>quo</strong></span> <span class='ocrx_word' id='word_1_28' title='bbox 1150 992 1217 1059; x_wconf 83' lang='lat' dir='ltr'><strong>evi·</strong></span> 
     </span>
     <span class='ocr_line' id='line_1_6' title="bbox 285 1104 1216 1193; baseline -0.001 -22"><span class='ocrx_word' id='word_1_29' title='bbox 285 1107 413 1173; x_wconf 88' lang='lat' dir='ltr'><strong>dentius</strong></span> <span class='ocrx_word' id='word_1_30' title='bbox 442 1107 533 1172; x_wconf 85' lang='lat' dir='ltr'><strong>etiam</strong></span> <span class='ocrx_word' id='word_1_31' title='bbox 563 1104 658 1171; x_wconf 88' lang='lat' dir='ltr'><strong>nohis</strong></span> <span class='ocrx_word' id='word_1_32' title='bbox 683 1120 716 1172; x_wconf 85' lang='lat' dir='ltr'><strong>et</strong></span> <span class='ocrx_word' id='word_1_33' title='bbox 737 1106 787 1172; x_wconf 88' lang='lat' dir='ltr'><strong>vis</strong></span> <span class='ocrx_word' id='word_1_34' title='bbox 815 1108 908 1193; x_wconf 89' lang='lat' dir='ltr'><strong>hujus</strong></span> <span class='ocrx_word' id='word_1_35' title='bbox 938 1105 1054 1174; x_wconf 89' lang='lat' dir='ltr'><strong>indolis</strong></span> <span class='ocrx_word' id='word_1_36' title='bbox 1089 1119 1216 1190; x_wconf 76' lang='lat' dir='ltr'><strong>pateat,</strong></span> 
     </span>
     <span class='ocr_line' id='line_1_7' title="bbox 285 1222 1219 1307; baseline 0.007 -17"><span class='ocrx_word' id='word_1_37' title='bbox 285 1238 317 1290; x_wconf 91' lang='lat' dir='ltr'><strong>et</strong></span> <span class='ocrx_word' id='word_1_38' title='bbox 352 1223 431 1288; x_wconf 86' lang='lat' dir='ltr'><strong>ratio</strong></span> <span class='ocrx_word' id='word_1_39' title='bbox 464 1223 695 1303; x_wconf 81' lang='lat' dir='ltr'><strong>doctrinarum,</strong></span> <span class='ocrx_word' id='word_1_40' title='bbox 744 1223 862 1306; x_wconf 90' lang='lat' dir='ltr'><strong>quibus</strong></span> <span class='ocrx_word' id='word_1_41' title='bbox 895 1242 1021 1307; x_wconf 88' lang='lat' dir='ltr'><strong>operam</strong></span> <span class='ocrx_word' id='word_1_42' title='bbox 1058 1222 1219 1297; x_wconf 80' lang='lat' dir='ltr'><strong>debebunt</strong></span> 
     </span>
     <span class='ocr_line' id='line_1_8' title="bbox 283 1339 1216 1424; baseline -0.001 -18"><span class='ocrx_word' id='word_1_43' title='bbox 283 1358 419 1422; x_wconf 80' lang='lat' dir='ltr'><strong>navare,</strong></span> <span class='ocrx_word' id='word_1_44' title='bbox 441 1355 474 1408; x_wconf 88' lang='lat' dir='ltr'><strong>ea</strong></span> <span class='ocrx_word' id='word_1_45' title='bbox 505 1341 606 1424; x_wconf 88' lang='lat' dir='ltr'><strong>ipsius</strong></span> <span class='ocrx_word' id='word_1_46' title='bbox 632 1342 709 1406; x_wconf 90' lang='lat' dir='ltr'><strong>adeo</strong></span> <span class='ocrx_word' id='word_1_47' title='bbox 737 1339 981 1423; x_wconf 87' lang='lat' dir='ltr'><strong>philosophiae,</strong></span> <span class='ocrx_word' id='word_1_48' title='bbox 1003 1339 1056 1407; x_wconf 89' lang='lat' dir='ltr'><strong>cui</strong></span> <span class='ocrx_word' id='word_1_49' title='bbox 1076 1357 1113 1407; x_wconf 88' lang='lat' dir='ltr'><strong>se</strong></span> <span class='ocrx_word' id='word_1_50' title='bbox 1129 1353 1216 1413; x_wconf 82' lang='lat' dir='ltr'><strong>totos</strong></span> 
     </span>
     <span class='ocr_line' id='line_1_9' title="bbox 282 1455 1217 1541; baseline 0.004 -20"><span class='ocrx_word' id='word_1_51' title='bbox 282 1455 424 1523; x_wconf 88' lang='lat' dir='ltr'><strong>tradituri</strong></span> <span class='ocrx_word' id='word_1_52' title='bbox 444 1471 547 1539; x_wconf 87' lang='lat' dir='ltr'><strong>sunt,</strong></span> <span class='ocrx_word' id='word_1_53' title='bbox 569 1458 769 1541; x_wconf 91' lang='lat' dir='ltr'><strong>propositum</strong></span> <span class='ocrx_word' id='word_1_54' title='bbox 797 1476 979 1538; x_wconf 87' lang='lat' dir='ltr'><strong>summurn,</strong></span> <span class='ocrx_word' id='word_1_55' title='bbox 1002 1475 1081 1541; x_wconf 84' lang='lat' dir='ltr'><strong>age,</strong></span> <span class='ocrx_word' id='word_1_56' title='bbox 1102 1456 1217 1529; x_wconf 75' lang='lat' dir='ltr'><strong>discer-</strong></span> 
     </span>
     <span class='ocr_line' id='line_1_10' title="bbox 283 1571 1217 1656; baseline 0.005 -17"><span class='ocrx_word' id='word_1_57' title='bbox 283 1590 393 1639; x_wconf 81' lang='lat' dir='ltr'><strong>namus</strong></span> <span class='ocrx_word' id='word_1_58' title='bbox 419 1572 459 1639; x_wconf 92' lang='lat' dir='ltr'><strong>ab</strong></span> <span class='ocrx_word' id='word_1_59' title='bbox 488 1571 527 1638; x_wconf 85' lang='lat' dir='ltr'><strong>iis</strong></span> <span class='ocrx_word' id='word_1_60' title='bbox 550 1586 711 1655; x_wconf 92' lang='lat' dir='ltr'><strong>quotquot</strong></span> <span class='ocrx_word' id='word_1_61' title='bbox 739 1574 883 1656; x_wconf 86' lang='lat' dir='ltr'><strong>ipsorum</strong></span> <span class='ocrx_word' id='word_1_62' title='bbox 912 1572 1041 1643; x_wconf 84' lang='lat' dir='ltr'><strong>similes</strong></span> <span class='ocrx_word' id='word_1_63' title='bbox 1058 1586 1133 1639; x_wconf 90' lang='lat' dir='ltr'><strong>sunt</strong></span> <span class='ocrx_word' id='word_1_64' title='bbox 1158 1591 1217 1644; x_wconf 76' lang='lat' dir='ltr'><strong>nec</strong></span> 
     </span>
     <span class='ocr_line' id='line_1_11' title="bbox 281 1687 1215 1775; baseline 0.002 -20"><span class='ocrx_word' id='word_1_65' title='bbox 281 1706 384 1757; x_wconf 76' lang='lat' dir='ltr'><strong>tamen</strong></span> <span class='ocrx_word' id='word_1_66' title='bbox 415 1689 477 1756; x_wconf 91' lang='lat' dir='ltr'><strong>dici</strong></span> <span class='ocrx_word' id='word_1_67' title='bbox 505 1689 691 1774; x_wconf 89' lang='lat' dir='ltr'><strong>philosophi</strong></span> <span class='ocrx_word' id='word_1_68' title='bbox 720 1704 878 1773; x_wconf 86' lang='lat' dir='ltr'><strong>possunt:</strong></span> <span class='ocrx_word' id='word_1_69' title='bbox 924 1687 1152 1775; x_wconf 81' lang='lat' dir='ltr'><strong>distinguamus</strong></span> <span class='ocrx_word' id='word_1_70' title='bbox 1180 1687 1215 1761; x_wconf 82' lang='lat' dir='ltr'><strong>iu</strong></span> 
     </span>
     <span class='ocr_line' id='line_1_12' title="bbox 280 1807 1215 1896; baseline -0.001 -23"><span class='ocrx_word' id='word_1_71' title='bbox 280 1807 391 1892; x_wconf 82' lang='lat' dir='ltr'><strong>primis</strong></span> <span class='ocrx_word' id='word_1_72' title='bbox 415 1827 432 1872; x_wconf 87' lang='lat' dir='ltr'><strong>a</strong></span> <span class='ocrx_word' id='word_1_73' title='bbox 455 1808 544 1892; x_wconf 87' lang='lat' dir='ltr'><strong>vulgi</strong></span> <span class='ocrx_word' id='word_1_74' title='bbox 570 1808 760 1896; x_wconf 83' lang='lat' dir='ltr'><strong>opinionibus</strong></span> <span class='ocrx_word' id='word_1_75' title='bbox 787 1827 889 1874; x_wconf 87' lang='lat' dir='ltr'><strong>rerum</strong></span> <span class='ocrx_word' id='word_1_76' title='bbox 920 1810 1109 1889; x_wconf 78' lang='lat' dir='ltr'><strong>scientiam,</strong></span> <span class='ocrx_word' id='word_1_77' title='bbox 1148 1825 1215 1890; x_wconf 90' lang='lat' dir='ltr'><strong>quo</strong></span> 
     </span>
     <span class='ocr_line' id='line_1_13' title="bbox 281 1923 1213 2007; baseline 0.006 -21"><span class='ocrx_word' id='word_1_78' title='bbox 281 1925 374 1988; x_wconf 87' lang='lat' dir='ltr'><strong>unice</strong></span> <span class='ocrx_word' id='word_1_79' title='bbox 405 1925 655 1990; x_wconf 85' lang='lat' dir='ltr'><strong>contendendum</strong></span> <span class='ocrx_word' id='word_1_80' title='bbox 683 1939 733 1990; x_wconf 91' lang='lat' dir='ltr'><strong>est</strong></span> <span class='ocrx_word' id='word_1_81' title='bbox 769 1923 985 2007; x_wconf 88' lang='lat' dir='ltr'><strong>philosopho:</strong></span> <span class='ocrx_word' id='word_1_82' title='bbox 1030 1940 1213 2005; x_wconf 75' lang='lat' dir='ltr'><strong>quaeramus</strong></span> 
     </span>
     <span class='ocr_line' id='line_1_14' title="bbox 280 2036 1215 2119; baseline -0.006 -16"><span class='ocrx_word' id='word_1_83' title='bbox 280 2039 408 2105; x_wconf 89' lang='lat' dir='ltr'><strong>omnino</strong></span> <span class='ocrx_word' id='word_1_84' title='bbox 438 2040 493 2118; x_wconf 89' lang='lat' dir='ltr'><strong>id,</strong></span> <span class='ocrx_word' id='word_1_85' title='bbox 526 2042 612 2118; x_wconf 89' lang='lat' dir='ltr'><strong>quod</strong></span> <span class='ocrx_word' id='word_1_86' title='bbox 644 2058 739 2119; x_wconf 90' lang='lat' dir='ltr'><strong>supra</strong></span> <span class='ocrx_word' id='word_1_87' title='bbox 770 2057 841 2101; x_wconf 88' lang='lat' dir='ltr'><strong>esse</strong></span> <span class='ocrx_word' id='word_1_88' title='bbox 872 2038 1020 2116; x_wconf 86' lang='lat' dir='ltr'><strong>deinceps</strong></span> <span class='ocrx_word' id='word_1_89' title='bbox 1050 2036 1215 2117; x_wconf 68' lang='lat' dir='ltr'><strong>expletam·</strong></span> 
     </span>
     <span class='ocr_line' id='line_1_15' title="bbox 278 2143 628 2237; baseline -0.006 -16"><span class='ocrx_word' id='word_1_90' title='bbox 278 2157 353 2237; x_wconf 89' lang='lat' dir='ltr'><strong>dum</strong></span> <span class='ocrx_word' id='word_1_91' title='bbox 375 2153 532 2222; x_wconf 85' lang='lat' dir='ltr'><strong>diximus:</strong></span> <span class='ocrx_word' id='word_1_92' title='bbox 624 2143 628 2152; x_wconf 48' lang='lat'>¹</span> 
     </span>
    </p>
   </div>
   <div class='ocr_carea' id='block_1_3' title="bbox 342 2384 1170 2571">
    <p class='ocr_par' dir='ltr' id='par_1_3' title="bbox 342 2384 1170 2571">
     <span class='ocr_line' id='line_1_16' title="bbox 342 2384 1170 2476; baseline 0.002 -28"><span class='ocrx_word' id='word_1_93' title='bbox 342 2435 352 2448; x_wconf 90' lang='lat'>.</span> <span class='ocrx_word' id='word_1_94' title='bbox 402 2390 584 2476; x_wconf 77' lang='lat' dir='ltr'><strong>Quinam</strong></span> <span class='ocrx_word' id='word_1_95' title='bbox 616 2389 803 2475; x_wconf 80' lang='lat' dir='ltr'><strong>proprie</strong></span> <span class='ocrx_word' id='word_1_96' title='bbox 827 2384 1088 2472; x_wconf 77' lang='lat' dir='ltr'><strong>philosophi</strong></span> <span class='ocrx_word' id='word_1_97' title='bbox 1160 2408 1170 2427; x_wconf 88' lang='lat'><strong>·</strong></span> 
     </span>
     <span class='ocr_line' id='line_1_17' title="bbox 574 2501 912 2571; baseline -0.009 0"><span class='ocrx_word' id='word_1_98' title='bbox 574 2518 675 2571; x_wconf 79' lang='lat' dir='ltr'><strong>sunl</strong></span> <span class='ocrx_word' id='word_1_99' title='bbox 707 2501 912 2569; x_wconf 76' lang='lat' dir='ltr'><strong>dicendi?</strong></span> 
     </span>
    </p>
   </div>
   <div class='ocr_carea' id='block_1_4' title="bbox 184 2734 1212 3988">
    <p class='ocr_par' dir='ltr' id='par_1_4' title="bbox 184 2734 1212 3988">
     <span class='ocr_line' id='line_1_18' title="bbox 317 2734 1209 2822; baseline 0 -17"><span class='ocrx_word' id='word_1_100' title='bbox 317 2741 400 2806; x_wconf 87' lang='lat' dir='ltr'><strong>Nam</strong></span> <span class='ocrx_word' id='word_1_101' title='bbox 432 2753 506 2806; x_wconf 86' lang='lat' dir='ltr'><strong>sunt</strong></span> <span class='ocrx_word' id='word_1_102' title='bbox 536 2758 612 2806; x_wconf 87' lang='lat' dir='ltr'><strong>sane</strong></span> <span class='ocrx_word' id='word_1_103' title='bbox 631 2738 802 2822; x_wconf 86' lang='lat' dir='ltr'><strong>permulti,</strong></span> <span class='ocrx_word' id='word_1_104' title='bbox 824 2736 882 2820; x_wconf 92' lang='lat' dir='ltr'><strong>qui</strong></span> <span class='ocrx_word' id='word_1_105' title='bbox 903 2736 1041 2820; x_wconf 83' lang='lat' dir='ltr'><strong>speciem</strong></span> <span class='ocrx_word' id='word_1_106' title='bbox 1067 2734 1209 2807; x_wconf 83' lang='lat' dir='ltr'><strong>referunt</strong></span> 
     </span>
     <span class='ocr_line' id='line_1_19' title="bbox 275 2853 1212 2943; baseline -0.009 -17"><span class='ocrx_word' id='word_1_107' title='bbox 275 2859 560 2943; x_wconf 83' lang='lat' dir='ltr'><strong>philosophomm:</strong></span> <span class='ocrx_word' id='word_1_108' title='bbox 586 2875 668 2939; x_wconf 90' lang='lat' dir='ltr'><strong>quos</strong></span> <span class='ocrx_word' id='word_1_109' title='bbox 689 2871 864 2920; x_wconf 82' lang='lat' dir='ltr'><strong>memorans</strong></span> <span class='ocrx_word' id='word_1_110' title='bbox 891 2853 924 2919; x_wconf 91' lang='lat' dir='ltr'><strong>in</strong></span> <span class='ocrx_word' id='word_1_111' title='bbox 951 2854 1062 2921; x_wconf 80' lang='lat' dir='ltr'><strong>iisdem</strong></span> <span class='ocrx_word' id='word_1_112' title='bbox 1091 2870 1212 2921; x_wconf 81' lang='lat' dir='ltr'><strong>sermo·</strong></span> 
     </span>
     <span class='ocr_line' id='line_1_20' title="bbox 274 2970 1209 3060; baseline -0.005 -21"><span class='ocrx_word' id='word_1_113' title='bbox 274 2975 370 3041; x_wconf 89' lang='lat' dir='ltr'><strong>nibus</strong></span> <span class='ocrx_word' id='word_1_114' title='bbox 390 2977 602 3056; x_wconf 81' lang='lat' dir='ltr'><strong>Adimantus,</strong></span> <span class='ocrx_word' id='word_1_115' title='bbox 624 2974 787 3039; x_wconf 90' lang='lat' dir='ltr'><strong>ridiculum</strong></span> <span class='ocrx_word' id='word_1_116' title='bbox 810 2991 909 3054; x_wconf 87' lang='lat' dir='ltr'><strong>genus</strong></span> <span class='ocrx_word' id='word_1_117' title='bbox 934 2972 1119 3048; x_wconf 87' lang='lat' dir='ltr'><strong>homiuum,</strong></span> <span class='ocrx_word' id='word_1_118' title='bbox 1141 2970 1209 3060; x_wconf 87' lang='lat' dir='ltr'><strong>ait,</strong></span> 
     </span>
     <span class='ocr_line' id='line_1_21' title="bbox 275 3087 1209 3174; baseline -0.007 -21"><span class='ocrx_word' id='word_1_119' title='bbox 275 3092 302 3154; x_wconf 89' lang='lat' dir='ltr'><strong>si</strong></span> <span class='ocrx_word' id='word_1_120' title='bbox 325 3087 358 3154; x_wconf 84' lang='lat' dir='ltr'><strong>in</strong></span> <span class='ocrx_word' id='word_1_121' title='bbox 387 3091 589 3174; x_wconf 89' lang='lat' dir='ltr'><strong>philosophis</strong></span> <span class='ocrx_word' id='word_1_122' title='bbox 621 3103 818 3156; x_wconf 86' lang='lat' dir='ltr'><strong>censeantur.</strong></span> <span class='ocrx_word' id='word_1_123' title='bbox 862 3087 919 3152; x_wconf 95' lang='lat' dir='ltr'><strong>Nil</strong></span> <span class='ocrx_word' id='word_1_124' title='bbox 935 3104 1011 3153; x_wconf 81' lang='lat' dir='ltr'><strong>,non</strong></span> <span class='ocrx_word' id='word_1_125' title='bbox 1041 3098 1209 3166; x_wconf 78' lang='lat' dir='ltr'><strong>spectare,</strong></span> 
     </span>
     <span class='ocr_line' id='line_1_22' title="bbox 275 3201 1208 3273; baseline -0.001 -5"><span class='ocrx_word' id='word_1_126' title='bbox 275 3204 320 3268; x_wconf 90' lang='lat' dir='ltr'><strong>nil</strong></span> <span class='ocrx_word' id='word_1_127' title='bbox 348 3223 413 3268; x_wconf 91' lang='lat' dir='ltr'><strong>non</strong></span> <span class='ocrx_word' id='word_1_128' title='bbox 432 3209 536 3273; x_wconf 87' lang='lat' dir='ltr'><strong>audire</strong></span> <span class='ocrx_word' id='word_1_129' title='bbox 560 3223 673 3273; x_wconf 83' lang='lat' dir='ltr'><strong>avent:</strong></span> <span class='ocrx_word' id='word_1_130' title='bbox 697 3208 730 3272; x_wconf 88' lang='lat' dir='ltr'><strong>in</strong></span> <span class='ocrx_word' id='word_1_131' title='bbox 761 3205 853 3272; x_wconf 88' lang='lat' dir='ltr'><strong>festis</strong></span> <span class='ocrx_word' id='word_1_132' title='bbox 873 3204 1055 3269; x_wconf 90' lang='lat' dir='ltr'><strong>discurrunt</strong></span> <span class='ocrx_word' id='word_1_133' title='bbox 1074 3201 1107 3267; x_wconf 90' lang='lat' dir='ltr'><strong>in</strong></span> <span class='ocrx_word' id='word_1_134' title='bbox 1127 3219 1208 3270; x_wconf 61' lang='lat' dir='ltr'><strong>,om-</strong></span> 
     </span>
     <span class='ocr_line' id='line_1_23' title="bbox 272 3318 1210 3403; baseline -0.002 -16"><span class='ocrx_word' id='word_1_135' title='bbox 272 3338 328 3387; x_wconf 89' lang='lat' dir='ltr'><strong>nes</strong></span> <span class='ocrx_word' id='word_1_136' title='bbox 358 3335 484 3403; x_wconf 82' lang='lat' dir='ltr'><strong>partes,</strong></span> <span class='ocrx_word' id='word_1_137' title='bbox 506 3337 538 3386; x_wconf 92' lang='lat' dir='ltr'><strong>et</strong></span> <span class='ocrx_word' id='word_1_138' title='bbox 561 3327 650 3403; x_wconf 89' lang='lat' dir='ltr'><strong>quasi</strong></span> <span class='ocrx_word' id='word_1_139' title='bbox 682 3324 809 3391; x_wconf 86' lang='lat' dir='ltr'><strong>auribus</strong></span> <span class='ocrx_word' id='word_1_140' title='bbox 833 3323 872 3390; x_wconf 90' lang='lat' dir='ltr'><strong>ad</strong></span> <span class='ocrx_word' id='word_1_141' title='bbox 894 3320 1082 3388; x_wconf 87' lang='lat' dir='ltr'><strong>audiendum</strong></span> <span class='ocrx_word' id='word_1_142' title='bbox 1109 3318 1210 3389; x_wconf 76' lang='lat' dir='ltr'><strong>doca-</strong></span> 
     </span>
     <span class='ocr_line' id='line_1_24' title="bbox 272 3436 1208 3520; baseline 0 -17"><span class='ocrx_word' id='word_1_143' title='bbox 272 3438 339 3520; x_wconf 90' lang='lat' dir='ltr'><strong>tis,</strong></span> <span class='ocrx_word' id='word_1_144' title='bbox 361 3436 440 3503; x_wconf 86' lang='lat' dir='ltr'><strong>nulli</strong></span> <span class='ocrx_word' id='word_1_145' title='bbox 465 3450 541 3504; x_wconf 91' lang='lat' dir='ltr'><strong>sunt</strong></span> <span class='ocrx_word' id='word_1_146' title='bbox 567 3436 750 3505; x_wconf 85' lang='lat' dir='ltr'><strong>charisive</strong></span> <span class='ocrx_word' id='word_1_147' title='bbox 779 3441 904 3505; x_wconf 88' lang='lat' dir='ltr'><strong>urbium</strong></span> <span class='ocrx_word' id='word_1_148' title='bbox 934 3441 1003 3505; x_wconf 87' lang='lat' dir='ltr'><strong>sive</strong></span> <span class='ocrx_word' id='word_1_149' title='bbox 1033 3454 1208 3520; x_wconf 83' lang='lat' dir='ltr'><strong>pagorum,</strong></span> 
     </span>
     <span class='ocr_line' id='line_1_25' title="bbox 275 3552 1210 3635; baseline -0.01 -15"><span class='ocrx_word' id='word_1_150' title='bbox 275 3553 392 3635; x_wconf 90' lang='lat' dir='ltr'><strong>quihus</strong></span> <span class='ocrx_word' id='word_1_151' title='bbox 417 3571 481 3620; x_wconf 93' lang='lat' dir='ltr'><strong>non</strong></span> <span class='ocrx_word' id='word_1_152' title='bbox 509 3553 635 3619; x_wconf 88' lang='lat' dir='ltr'><strong>adstent</strong></span> <span class='ocrx_word' id='word_1_153' title='bbox 663 3552 851 3618; x_wconf 83' lang='lat' dir='ltr'><strong>exauditori.</strong></span> <span class='ocrx_word' id='word_1_154' title='bbox 900 3552 972 3617; x_wconf 91' lang='lat' dir='ltr'><strong>Hos</strong></span> <span class='ocrx_word' id='word_1_155' title='bbox 1001 3552 1098 3634; x_wconf 85' lang='lat' dir='ltr'><strong>igitur</strong></span> <span class='ocrx_word' id='word_1_156' title='bbox 1126 3568 1210 3615; x_wconf 72' lang='lat' dir='ltr'><strong>naor-</strong></span> 
     </span>
     <span class='ocr_line' id='line_1_26' title="bbox 273 3666 1209 3751; baseline -0.005 -14"><span class='ocrx_word' id='word_1_157' title='bbox 273 3669 381 3737; x_wconf 89' lang='lat' dir='ltr'><strong>talium</strong></span> <span class='ocrx_word' id='word_1_158' title='bbox 407 3671 584 3738; x_wconf 87' lang='lat' dir='ltr'><strong>levissimos</strong></span> <span class='ocrx_word' id='word_1_159' title='bbox 612 3689 697 3751; x_wconf 91' lang='lat' dir='ltr'><strong>nos,</strong></span> <span class='ocrx_word' id='word_1_160' title='bbox 730 3688 750 3732; x_wconf 95' lang='lat' dir='ltr'><strong>o</strong></span> <span class='ocrx_word' id='word_1_161' title='bbox 777 3667 942 3749; x_wconf 89' lang='lat' dir='ltr'><strong>Socrates,</strong></span> <span class='ocrx_word' id='word_1_162' title='bbox 975 3666 1094 3751; x_wconf 87' lang='lat' dir='ltr'><strong>quippe</strong></span> <span class='ocrx_word' id='word_1_163' title='bbox 1118 3666 1209 3750; x_wconf 90' lang='lat' dir='ltr'><strong>cupi·</strong></span> 
     </span>
     <span class='ocr_line' id='line_1_27' title="bbox 272 3783 1211 3872; baseline 0.004 -23"><span class='ocrx_word' id='word_1_164' title='bbox 272 3786 331 3852; x_wconf 81' lang='lat' dir='ltr'><strong>dos</strong></span> <span class='ocrx_word' id='word_1_165' title='bbox 368 3785 595 3869; x_wconf 88' lang='lat' dir='ltr'><strong>studiososque</strong></span> <span class='ocrx_word' id='word_1_166' title='bbox 629 3783 868 3870; x_wconf 81' lang='lat' dir='ltr'><strong>cognoscendi,</strong></span> <span class='ocrx_word' id='word_1_167' title='bbox 907 3784 1095 3872; x_wconf 74' lang='lat' dir='ltr'><strong>philosophos</strong></span> <span class='ocrx_word' id='word_1_168' title='bbox 1126 3785 1211 3853; x_wconf 86' lang='lat' dir='ltr'><strong>dice·</strong></span> 
     </span>
     <span class='ocr_line' id='line_1_28' title="bbox 184 3894 1211 3988; baseline 0.001 -22"><span class='ocrx_word' id='word_1_169' title='bbox 184 3894 187 3901; x_wconf 87' lang='grc'>’</span> <span class='ocrx_word' id='word_1_170' title='bbox 273 3901 373 3967; x_wconf 81' lang='lat' dir='ltr'><strong>mus‘i</strong></span> <span class='ocrx_word' id='word_1_171' title='bbox 394 3901 550 3983; x_wconf 87' lang='lat' dir='ltr'><strong>Equidem</strong></span> <span class='ocrx_word' id='word_1_172' title='bbox 582 3906 741 3988; x_wconf 67' lang='lat' dir='ltr'><strong>&lt;prinninae</strong></span> <span class='ocrx_word' id='word_1_173' title='bbox 777 3903 929 3986; x_wconf 79' lang='lat' dir='ltr'><strong>appellem</strong></span> <span class='ocrx_word' id='word_1_174' title='bbox 959 3901 1039 3969; x_wconf 92' lang='lat' dir='ltr'><strong>istos</strong></span> <span class='ocrx_word' id='word_1_175' title='bbox 1064 3916 1095 3967; x_wconf 88' lang='lat' dir='ltr'><strong>et</strong></span> <span class='ocrx_word' id='word_1_176' title='bbox 1121 3911 1211 3988; x_wconf 65' lang='lat' dir='ltr'><strong>&lt;panad</strong></span> 
     </span>
    </p>
   </div>
   <div class='ocr_carea' id='block_1_5' title="bbox 272 4015 1212 4205">
    <p class='ocr_par' dir='ltr' id='par_1_5' title="bbox 272 4015 1212 4205">
     <span class='ocr_line' id='line_1_29' title="bbox 272 4015 1211 4106; baseline -0.017 -13"><span class='ocrx_word' id='word_1_177' title='bbox 272 4021 437 4105; x_wconf 57' lang='lat' dir='ltr'><strong>deiparam</strong></span> <span class='ocrx_word' id='word_1_178' title='bbox 459 4021 644 4106; x_wconf 60' lang='lat' dir='ltr'><strong>otiositates</strong></span> <span class='ocrx_word' id='word_1_179' title='bbox 667 4038 734 4087; x_wconf 87' lang='lat' dir='ltr'><strong>non</strong></span> <span class='ocrx_word' id='word_1_180' title='bbox 760 4022 927 4104; x_wconf 84' lang='lat' dir='ltr'><strong>appellem.</strong></span> <span class='ocrx_word' id='word_1_181' title='bbox 970 4020 1024 4089; x_wconf 82' lang='lat' dir='ltr'><strong>nd</strong></span> <span class='ocrx_word' id='word_1_182' title='bbox 1041 4037 1119 4101; x_wconf 87' lang='lat' dir='ltr'><strong>quae</strong></span> <span class='ocrx_word' id='word_1_183' title='bbox 1135 4015 1211 4082; x_wconf 91' lang='lat' dir='ltr'><strong>ado·</strong></span> 
     </span>
     <span class='ocr_line' id='line_1_30' title="bbox 710 4129 1212 4205; baseline -0.016 0"><span class='ocrx_word' id='word_1_184' title='bbox 710 4136 739 4205; x_wconf 92' lang='lat' dir='ltr'>C</span> <span class='ocrx_word' id='word_1_185' title='bbox 761 4158 781 4204; x_wconf 84' lang='lat' dir='ltr'><strong>a</strong></span> <span class='ocrx_word' id='word_1_186' title='bbox 1151 4129 1212 4197; x_wconf 87' lang='lat' dir='ltr'><strong>les·</strong></span> 
     </span>
    </p>
   </div>
   <div class='ocr_carea' id='block_1_6' title="bbox 0 0 1500 5220">
    <p class='ocr_par' dir='ltr' id='par_1_6' title="bbox 0 0 1500 5220">
     <span class='ocr_line' id='line_1_31' title="bbox 0 0 1500 5220; baseline 0 6"><span class='ocrx_word' id='word_1_187' title='bbox 0 0 1500 5220; x_wconf 95' lang='lat' dir='ltr'><strong> </strong></span> 
     </span>
    </p>
   </div>
  </div>
 </body>
</html>
