2992 5220
805 420 998 548 ..176ss

425 651 546 731 Plato,
579 671 677 734 quum
707 656 884 738 διιιιῳιτικὺν
912 669 983 757 qnae
1012 657 1158 736 καθαρμόν
1189 684 1258 727 τινα
1283 658 1369 725 dice·

432 783 480 835 ret
497 765 545 834 (¹³.
588 768 679 853 Quae
709 764 868 852 reputand
895 765 990 849 mihi,
1022 767 1165 853 liuguae,
1196 776 1262 854 qua
1279 775 1365 841 -haee

433 883 560 966 seribo,
603 883 634 950 in
669 900 802 950 mentem
833 882 943 965 venit,
986 881 1019 947 in
1047 901 1109 964 qua
1137 902 1206 949 non
1234 887 1364 969 minus,

433 1019 525 1084 quam
553 1001 585 1066 in
610 1001 776 1067 dialecticis
798 999 938 1066 Platonis
961 998 1116 1084 dialogis,
1136 1001 1293 1084 judicandi
1317 1005 1367 1070 vis

429 1117 557 1203 propria
570 1132 602 1183 et
622 1116 754 1185 effectus
772 1114 972 1200 exprimitur.
1001 1116 1084 1182 Nam
1100 1133 1287 1205 putare,
1309 1135 1369 1185 un·

433 1236 473 1301 de
494 1249 669 1321 reputare,
701 1234 787 1317 quod
810 1231 969 1318 cogiundi
993 1232 1219 1316 judicandique
1246 1232 1368 1318 signifi·

429 1351 582 1418 sationem
614 1352 730 1430 habet,
753 1351 830 1430 quid
857 1348 942 1412 aliud
964 1360 1036 1426 est,
1069 1366 1162 1426 quam
1188 1354 1365 1434 purgare?
1443 1428 1447 1434 .

432 1457 562 1542 proprie
582 1459 621 1523 de
646 1457 714 1519 lani
739 1448 946 1515 carminando
981 1450 1145 1532 purgandi
1179 1466 1363 1535 usurpatum

428 1571 518 1637 Artis
552 1584 654 1632 autem
688 1562 846 1647 judicandi
882 1562 964 1627 idem
1001 1563 1186 1648 negotium,
1228 1566 1364 1636 effectus

428 1685 509 1750 idem
536 1698 606 1748 est:
646 1680 747 1745 simile
777 1681 851 1746 haec
884 1679 1001 1764 pariter
1030 1698 1048 1744 a
1074 1680 1190 1763 simili,
1222 1685 1314 1767 pejus
1346 1707 1365 1752 a

427 1799 578 1879 meliore,
621 1796 735 1863 falsum
758 1816 775 1862 a
802 1814 880 1862 vero
908 1796 1073 1862 discernite
1110 1812 1223 1880 estque
1249 1800 1283 1865 in
1313 1799 1363 1868 his

428 1915 575 1982 omnibus
602 1912 798 1998 purgationis
831 1915 991 1999 cujusdam
1026 1933 1062 1980 ac
1092 1915 1239 1998 puritatis
1267 1919 1366 2004 signi-

429 2029 557 2099 srcrtio:
591 2031 674 2095 unde
707 2028 938 2095 Germanorum
967 2030 1085 2097 dictio:
1120 2032 1296 2115 dielSacbc
1315 2042 1370 2104 ἐπι·

427 2149 571 2216 lisine
606 2148 751 2232 bringen.
805 2146 921 2233 Quidi
953 2147 1039 2229 quod
1076 2146 1158 2219 idem
1188 2151 1268 2218 illud
1299 2154 1366 2222 La.

427 2266 563 2333 tinorum
588 2281 702 2347 putare
725 2264 764 2329 ad
788 2266 964 2346 calculum,
986 2265 1024 2331 ad
1054 2268 1236 2335 numerandi
1263 2284 1362 2336 artem

427 2382 640 2451 transfertur?
662 2383 693 2450 A
716 2383 857 2466 putando
881 2383 963 2448 enim
987 2399 1179 2471 supputare,
1199 2402 1362 2474 computa-

428 2521 464 2568 re
494 2501 619 2567 dicitur.
680 2499 779 2584 Apud
810 2501 969 2567 Platonem
999 2514 1103 2567 tutem
1135 2503 1282 2569 cernendi
1309 2524 1369 2571 ars·

426 2615 461 2684 in
491 2637 661 2701 puerorum
691 2616 909 2701 institutione,
942 2633 980 2685 ut
1010 2617 1230 2703 meminimus,
1268 2638 1364 2702 quam

428 2735 572 2817 proxime
587 2748 637 2797 est
659 2754 731 2798 cum
750 2750 816 2800 arte
842 2736 1022 2800 numerandi
1049 2739 1216 2819 conjuncta
1239 2733 1284 2801 ω.
1306 2737 1360 2803 Sic

428 2849 524 2915 latent
555 2847 674 2913 scilicet
708 2847 740 2910 in
775 2846 907 2931 dialogis
941 2848 1003 2912 illis
1030 2848 1191 2929 Platonis,
1219 2850 1252 2915 in
1278 2849 1359 2933 ipsis

339 2966 344 2978 '
427 2965 504 3034 adeo
540 2965 659 3051 linguis
684 2961 965 3050 praestantissimae
992 2962 1087 3046 hujus
1126 2965 1201 3032 artis
1235 2981 1364 3034 nostrae

426 3085 594 3172 principia.

441 3286 444 3291 Ι
471 3201 586 3267 Natam
616 3200 695 3262 hanc
717 3215 789 3263 esse
815 3197 950 3264 diximus
983 3216 1002 3264 e
1026 3201 1172 3266 cemendi
1200 3216 1267 3270 arte
1293 3204 1363 3272 Pla·

427 3314 537 3396 torris,
580 3328 616 3382 ut
651 3320 771 3398 posteri
805 3334 870 3381 earn
897 3316 1048 3398 demum,
1092 3331 1238 3400 tanquam
1263 3336 1363 3388 artem

429 3433 591 3520 quamdam
639 3432 872 3516 disciplinamve
917 3435 1108 3516 peculiarem·
1154 3436 1359 3513 excoluerint.

428 3550 527 3643 Quod
558 3567 598 3616 ex
629 3549 685 3615 hae
710 3551 779 3634 ejus
803 3549 836 3615 vi
860 3552 1009 3630 naturali,
1032 3570 1124 3634 quam
1142 3552 1237 3633 ¹Pluto
1263 3552 1363 3639 signi-

429 3665 557 3748 ficavit,
589 3667 795 3752 intelligitur:
829 3667 925 3732 modo
948 3681 1032 3734 recte
1053 3670 1091 3733 ab
1119 3671 1261 3753 analysi,
1284 3659 1363 3753 qua·

431 3801 502 3871 cum
534 3782 726 3850 confundit
754 3783 860 3848 multis
891 3785 995 3866 solet,
1016 3783 1239 3871 distinguamur.
1262 3787 1362 3887 Hune

1275 3923 1359 3972 eorm

468 4035 510 4111 Qu]
529 4034 615 4108 Sapit.
632 4036 693 4091 aas.
709 4034 755 4091 Gi.
771 4052 851 4106 supra
866 4053 895 4104 p.
913 4052 971 4090 rar.
1034 4036 1075 4108 (a)
1094 4037 1131 4093 V·
1148 4054 1229 4108 repre
1243 4043 1276 4108 pi
1288 4037 1334 4094 ὃ,
