2992 5220
798 436 972 519 ...3⁶-

425 619 521 687 nobis
543 629 771 700 repraesentare
789 619 892 683 dmuo
913 613 1093 699 possimus,
1114 611 1351 693 exardescatque

426 738 468 803 ita
493 737 525 801 in
555 734 665 801 animis
698 733 815 799 nostris
845 733 992 800 scientiae
1021 727 1185 816 ipsiusque
1212 727 1352 795 veritatis

426 855 558 938 cupido.
578 850 611 898 ‘¹'

472 958 598 1026 Scilicet
622 974 687 1022 uon
715 957 757 1023 ita
785 956 878 1022 nobis
910 958 950 1023 de
972 973 1050 1024 vero
1089 952 1352 1033 existimandum,

431 1076 519 1161 quasi
549 1074 707 1142 diversum
735 1074 779 1139 sit
807 1075 898 1157 plane
922 1092 939 1137 a
967 1074 1104 1155 pulcro,
1143 1069 1298 1150 abono,
1335 1087 1352 1132 a

426 1196 541 1280 justo,
574 1193 626 1257 vel
658 1189 749 1273 quasi
781 1189 826 1255 sic
863 1188 1071 1272 distinguatur
1104 1186 1142 1252 ab
1173 1187 1282 1267 hisce,
1317 1198 1355 1252 ut

429 1311 506 1379 haec
526 1326 545 1373 a
566 1323 601 1371 se
620 1304 753 1371 invicem
772 1304 1019 1389 distinguunmr.
1062 1302 1161 1387 Apud
1177 1304 1357 1383 Platonem,

431 1422 520 1507 quod
550 1419 603 1487 cui
641 1417 725 1487 forte
752 1420 865 1487 mirum
900 1419 1046 1487 acciderit
1081 1418 1358 1499 animadvertenti,

433 1541 466 1608 in
491 1538 570 1606 ideis
604 1556 670 1605 non
700 1552 848 1604 censetur
875 1558 1007 1618 aarum,
1041 1539 1267 1618 impuleram,
1299 1536 1358 1602 bo·

433 1675 530 1749 num,
571 1650 696 1720 similia.
749 1653 928 1720 sexcenties
969 1668 1179 1719 memorantur
1217 1660 1292 1728 anal
1321 1658 1356 1725 el

435 1777 549 1853 male,
579 1775 655 1842 aial
690 1774 725 1842 al
761 1775 898 1853 ἀγαθὸνς
932 1789 1086 1854 nusquam
1119 1770 1256 1837 occurrit
1283 1777 1358 1842 αὐτὸ

434 1894 472 1961 al
498 1890 635 1969 danlae,
658 1887 713 1953 sed
734 1887 881 1953 dicunmr
913 1887 964 1952 illa
992 1887 1139 1954 universe
1160 1889 1254 1964 laea.
1277 1907 1358 1973 quaa

434 2020 509 2074 aaut
530 2019 563 2072 et
584 2023 649 2071 uno
676 2003 804 2071 nomine
831 2010 867 2076 el
889 2005 940 2085 la,
961 2003 1000 2069 id
1016 2002 1099 2090 quod
1119 2019 1187 2085 esa,
1210 2003 1233 2068 i.
1261 2021 1291 2070 e.
1309 2023 1360 2068 ue-

435 2144 508 2211 ram
526 2122 734 2207 appellantur.
778 2121 905 2188 Etenim
926 2121 1101 2186 communis
1121 2120 1261 2186 omnium
1280 2119 1362 2186 idea·

435 2259 506 2308 rum
532 2238 622 2322 quasi
645 2243 738 2316 τύπος
760 2252 809 2304 est
830 2237 960 2305 veritas:
990 2236 1151 2303 veritatem
1170 2236 1199 2303 si
1224 2237 1363 2320 cogitan-

436 2357 478 2429 do
498 2355 684 2435 sustuleris,
707 2357 811 2421 nullae
830 2354 1052 2436 relinquuntur
1073 2353 1169 2419 ideae.
1203 2353 1365 2438 Quamob-

438 2493 503 2543 rem
523 2473 580 2557 qui
606 2475 750 2557 pulcrum
782 2471 884 2543 animo
921 2470 1001 2536 vidit
1034 2469 1222 2553 aliquando,
1255 2468 1288 2535 id
1318 2471 1365 2539 vi-

435 2593 503 2679 dit,
525 2591 613 2674 quod
638 2608 747 2656 vuum
776 2604 846 2656 est:
881 2587 1025 2670 idemque
1051 2606 1117 2671 quo
1146 2588 1269 2671 plenius
1298 2609 1366 2655 om·

438 2726 496 2791 nes
512 2705 652 2790 percepit
670 2704 779 2783 ideas,
813 2720 852 2768 eo
873 2703 1005 2786 propius
1027 2704 1066 2768 ad
1092 2705 1196 2772 omnis
1223 2706 1364 2772 veritatis

436 2821 650 2908 coguitionem
666 2818 837 2885 accessisse
855 2821 1012 2903 putandus
1025 2836 1085 2886 est.
1110 2822 1253 2904 Iecirco,
1272 2841 1365 2906 quem

433 2940 543 3030 pulcri
570 2936 883 3017 elemosmarum,
906 2939 988 3004 haud
1015 2938 1131 3020 lingere
1148 2958 1217 3006 eum
1239 2956 1366 3025 oportet

439 3057 549 3123 auara·
575 3074 680 3120 amore
701 3053 858 3134 alienum3
889 3054 947 3119 sed
976 3054 1069 3120 efficit
1096 3056 1172 3137 ille,
1195 3074 1280 3124 utet
1309 3059 1367 3123 bo·

439 3190 516 3239 num
538 3184 570 3237 et
583 3172 704 3256 justum
721 3184 751 3234 et
773 3184 937 3250 sanctum,
957 3170 1086 3236 omnino
1102 3191 1156 3252 ea,
1180 3191 1367 3258 quaesunt,

333 3380 337 3387 .
440 3287 540 3373 ipsam
568 3286 745 3370 veritatem,
782 3288 849 3371 pari
873 3288 980 3354 studio
1007 3276 1078 3354 cum
1106 3308 1233 3360 cernere
1253 3294 1393 3362 mentis·

1212 3413 1217 3426 “
1296 3432 1373 3480 ocu·
1470 3444 1475 3452 ·

477 3625 523 3694 (ι)
548 3623 671 3676 Phaedro
695 3623 755 3678 ado.
773 3624 817 3676 Cf.
836 3640 915 3691 supra
933 3620 997 3674 Vol.
1022 3623 1046 3676 l.
1066 3641 1094 3692 p·
1114 3642 1172 3695 ¹²9·
1191 3624 1312 3680 Platonis
1337 3625 1370 3678 da

442 3729 594 3802 latusim
611 3725 761 3779 doctrinam
787 3731 859 3795 arcta
883 3741 942 3774 essa
973 3742 1033 3776 cum
1063 3723 1187 3776 doctrina
1213 3723 1246 3774 de
1272 3723 1369 3790 pulcro

443 3835 632 3900 conjunctam,
672 3829 752 3881 docte
775 3833 972 3894 accurateque,
1008 3833 1039 3877 ut
1064 3823 1154 3887 solet,
1187 3825 1369 3891 posteriorum

438 3932 505 3984 iun
525 3929 687 3996 scriptorum
706 3925 867 3977 auctor-itale
885 3922 1080 3978 demonstrarit
1096 3922 1226 3976 Creaaor.
1240 3923 1274 3976 ad
1296 3922 1367 3978 Plol.

441 4030 476 4085 de
494 4028 584 4101 paler.
600 4043 629 4095 p.
648 4024 696 4078 166
716 4041 777 4093 sqq.
800 4023 836 4076 N.
856 4024 922 4076 item
942 4025 1003 4078 Aet.
1021 4023 1054 4077 ad
1074 4021 1191 4079 Phaedr.
1203 4024 1264 4096 2⁴9.
1284 4026 1318 4079 C.
