2992 5220
276 612 399 679 ritatem
422 613 629 696 percipiamus
656 613 806 698 penitus,
828 630 977 699 praesens
1006 616 1080 684 haec
1104 618 1203 687 'animi

274 728 384 823 nostri
411 729 553 797 conditio
594 730 654 797 rite
690 746 739 799 est
770 751 809 800 ex
838 731 900 817 iis,
929 735 1094 820 quaejam
1121 736 1204 802 d‘cta

277 839 372 926 aurit,
401 845 570 915 efficienda.
613 848 780 931 Expressit
808 868 872 916 cam
901 849 992 918 Plato
1019 852 1204 935 aptissime,

276 978 373 1043 quum
404 962 558 1045 eiusmodi
578 981 650 1031 esse
672 964 808 1047 diceret,
830 980 867 1034 ot
894 967 1116 1034 somniantium
1145 985 1206 1034 noa

272 1075 396 1159 instar,
428 1077 534 1147 videre
564 1079 657 1147 nobis
685 1080 872 1163 videamur,
905 1101 985 1166 quae
1014 1102 1079 1151 non
1109 1097 1203 1164 sunt3

276 1213 357 1276 quae
376 1211 451 1260 vero
470 1204 568 1278 suni,
589 1215 655 1263 non
672 1197 848 1266 videamus.
869 1196 901 1242 <¹³
933 1199 1015 1269 Nam
1035 1213 1204 1282 postquam

277 1311 340 1377 hoc
372 1331 490 1398 corpus
518 1313 702 1396 induimus,
723 1332 788 1380 non
820 1314 908 1381 licuit
929 1314 1023 1381 nobis
1041 1319 1084 1385 rai
1109 1316 1205 1394 iura,

276 1448 314 1494 aa
342 1450 423 1515 quar
455 1444 554 1511 suni,
595 1430 618 1495 i.
644 1448 677 1500 e.
709 1429 794 1497 ideas
826 1429 899 1514 ipso
932 1429 1035 1495 animo
1069 1429 1205 1509 intueri,

276 1543 420 1626 corporis
449 1544 496 1611 uti
527 1544 675 1611 sensibus
696 1545 797 1611 coacti
823 1563 956 1626 sumus,
971 1618 975 1624 ,
988 1545 1105 1629 quibus
1125 1545 1208 1613 ider·

278 1679 348 1725 rum
374 1662 407 1727 in
432 1661 482 1728 his
510 1660 601 1728 terris
631 1679 698 1728 non
725 1661 789 1729 nisi
811 1662 973 1731 simulacra
1001 1662 1149 1746 quaedam
1176 1677 1209 1731 et

278 1775 414 1844 obscura
438 1776 489 1844 iila
514 1792 547 1845 et
574 1775 693 1845 fallacia
707 1779 1002 1863 contemplaremur.
1044 1780 1129 1846 Hinc
1147 1779 1207 1859 iit,

277 1908 315 1958 nt
335 1894 523 1980 opinemur,
546 1913 612 1961 non
638 1895 792 1981 sciamus:
815 1896 973 1964 videamur
991 1914 1207 1981 cognoscere,

276 2030 343 2080 non
372 2030 625 2097 cognoscamusr
656 2011 845 2093 fluctuemus
867 2014 996 2079 omnino
1027 2013 1211 2082 incertiin·

275 2144 324 2220 rer
360 2130 513 2199 inscitiam
545 2143 576 2197 et
613 2129 787 2198 scientiam.
850 2130 912 2197 Est
950 2130 1033 2196 enim
1060 2132 1209 2217 opinionis

275 2247 351 2314 hacc
381 2262 515 2325 natura,
547 2261 582 2313 ut
611 2265 677 2313 non
705 2246 749 2311 sit
774 2244 918 2310 inscitia:
942 2244 1108 2326 opinantes
1126 2243 1208 2312 enim

274 2365 422 2434 sidentur
446 2365 549 2430 scire:
578 2377 637 2424 nec
668 2334 797 2424 scientia
824 2357 867 2424 sit
891 2359 1001 2426 etiam:
1035 2357 1092 2443 qui
1120 2359 1208 2444 scit,

273 2480 396 2564 opinari
428 2495 464 2544 se
488 2494 554 2541 non
578 2472 670 2540 facile
697 2468 834 2556 diaerit;
857 2474 912 2541 sed
936 2476 977 2542 sit
1002 2474 1084 2541 inter
1116 2476 1211 2545 insci-

273 2597 348 2664 tiam
379 2609 412 2662 ct
436 2591 594 2660 scientiam
616 2590 832 2660 intermedium
860 2590 962 2674 quidr
989 2592 1022 2657 id
1051 2608 1154 2661 autem
1175 2608 1212 2662 et

278 2712 475 2780 somniorum
503 2726 535 2776 et
567 2708 738 2793 praesentis
771 2708 846 2776 item
873 2708 956 2776 uitae
974 2723 1101 2775 nostrae
1119 2713 1211 2793 plane

277 2846 327 2899 cst
358 2826 537 2914 proprium.
602 2824 715 2893 Crebri
745 2837 820 2891 sunt
852 2823 1015 2891 hominum
1049 2842 1210 2893 sermones

279 2947 444 3016 derebus
472 2943 619 3031 pulcris,
639 2942 756 3024 bonis,
787 2939 908 3026 justis,
940 2939 973 3007 in
1002 2939 1119 3022 quibus
1149 2940 1214 3009 dis·

278 3067 397 3134 cedunt
424 3063 492 3132 fere
515 3081 534 3129 a
554 3058 743 3127 seinvicem
772 3058 806 3124 in
836 3056 996 3140 diversae,
1018 3057 1153 3127 subinde
1180 3059 1213 3127 iu

278 3182 452 3248 soumarias
480 3192 600 3262 partes.
644 3175 742 3262 Quod
771 3175 874 3258 placet
908 3173 977 3242 aliis
1007 3189 1040 3242 et
1068 3178 1213 3261 pulcrum

276 3284 417 3378 dicitur,
438 3295 472 3363 id
492 3293 561 3360 aliis
583 3291 728 3376 displicet
749 3305 786 3357 ut
806 3305 920 3376 turpes
944 3294 1031 3375 quod
1055 3293 1215 3360 celebrant

277 3411 424 3482 nonnulli
444 3425 480 3477 ut
505 3409 624 3474 bonum
639 3406 758 3475 civitati
783 3421 816 3475 et
833 3426 983 3493 perquam
1000 3406 1100 3485 utile,
1122 3405 1155 3472 id
1173 3406 1212 3474 ab

277 3530 346 3599 aliis
381 3542 419 3595 ut
455 3528 570 3595 malum
607 3525 804 3610 vituperatur
841 3539 874 3593 et
912 3521 1042 3587 noxium
1071 3519 1211 3593 civitati:

278 3664 360 3729 quae
386 3663 513 3712 caussae
532 3642 602 3711 aliis
632 3643 780 3711 videntur
799 3636 962 3725 judicibus
978 3638 1083 3723 jusoae
1107 3640 1214 3710 unice·

277 3782 341 3850 que
373 3761 598 3844 vindicandae,
627 3758 666 3848 ab
700 3755 769 3824 aliis
798 3754 933 3839 injustae
964 3753 1143 3840 judicantur
1180 3772 1215 3823 et
1259 3824 1262 3843 ,

1134 3891 1213 3959 poe·

311 4020 354 4097 (r)
372 4015 442 4089 lep.
458 4011 500 4072 Vr
514 4012 566 4086 ape
583 4010 616 4067 c.
