2992 5220
775 537 985 588 ωηο-ι
1059 543 1063 571 ι

516 788 576 855 De
608 789 842 856 scribendi
872 793 1070 873 ratione,
1100 812 1214 879 quac

643 909 796 995 prosit
831 905 1103 976 hominibus.

419 1220 425 1242 ,
456 1154 540 1224 Fuse
568 1155 690 1241 egimus
718 1157 758 1222 de
788 1157 970 1239 eloquentia
1000 1155 1140 1225 Platonis
1167 1173 1232 1222 non
1255 1165 1347 1220 unam

412 1274 454 1340 ob
479 1292 634 1340 caussam.
665 1273 771 1355 Nam,
794 1273 955 1358 primum,
976 1273 1068 1339 locus
1089 1272 1141 1338 hic
1158 1286 1208 1338 est
1226 1270 1259 1336 in
1277 1272 1347 1354 ejus

412 1389 614 1475 philosophia
643 1389 874 1472 gravissimus,
906 1407 1038 1473 quoque
1071 1389 1152 1456 idem
1178 1404 1349 1471 perpurga-

410 1522 464 1577 tur
491 1508 690 1592 diligentius,
720 1506 762 1572 ita
785 1504 915 1570 interius
939 1503 1079 1588 perspici
1109 1505 1179 1587 eius
1201 1504 1345 1586 philoso-

411 1624 489 1708 phia
510 1637 637 1708 potest.
661 1634 727 1686 tum
750 1636 825 1685 vero
845 1618 1025 1701 eloquentia
1045 1618 1129 1701 apud
1149 1636 1220 1684 eum
1236 1616 1345 1705 proxi·

412 1750 540 1811 maest
571 1756 643 1803 cum
672 1736 832 1802 Socratica
861 1734 1029 1825 disciplina
1062 1736 1254 1819 conjuncta,
1285 1746 1352 1817 nt,

412 1855 472 1922 rite
495 1854 576 1920 hinc
599 1855 713 1934 ducta,
746 1852 848 1918 lucem
877 1851 907 1917 ei
929 1850 1067 1920 vicissim
1086 1851 1238 1917 affundat.
1282 1849 1348 1919 Sed

353 2018 360 2031 -
408 1970 443 2040 id
460 1985 616 2057 praeterea
644 1969 799 2054 spectavit
827 1970 935 2049 Plato,
970 1983 1006 2034 ut
1033 1987 1153 2035 novum
1183 1967 1347 2037 induceret

410 2089 609 2173 eloquentiae
640 2107 763 2172 genus,
802 2087 890 2170 quod
919 2100 1021 2152 totum
1054 2104 1073 2152 a
1102 2087 1172 2152 veri
1200 2085 1346 2172 justique

408 2224 515 2276 amore
541 2204 731 2288 repetitum,
758 2205 844 2271 hunc
866 2221 1003 2270 amorem
1027 2202 1060 2268 in
1086 2200 1269 2268 hominibus
1291 2220 1352 2280 eu·¹

407 2326 517 2411 uitaret
536 2325 717 2405 aleretque,
738 2321 835 2387 etsie
858 2321 951 2387 unice
976 2334 1060 2387 esset
1085 2320 1265 2388 civitatibus
1283 2319 1347 2386 uti·

408 2440 487 2523 leet
505 2439 651 2504 salutare.
694 2436 957 2522 Progrediendum
988 2456 1071 2503 nunc
1086 2436 1191 2512 ,nobis
1221 2438 1260 2503 ad
1280 2437 1347 2503 diss

406 2554 537 2639 ciplinas
565 2571 633 2638 est,
663 2554 780 2636 quibus
808 2554 890 2621 idem
921 2554 975 2621 ille
1007 2575 1094 2621 amor
1121 2555 1263 2623 veritatis
1296 2555 1347 2632 in·,¹

406 2670 563 2755 dagandae
590 2684 656 2736 arte
676 2669 864 2750 excolendus
893 2686 964 2752 est;
995 2689 1104 2738 verum
1135 2685 1171 2737 ut
1193 2670 1343 2751 dicendi,

404 2786 448 2852 ita
476 2785 631 2852 scribendi
663 2787 755 2853 etiarn
783 2785 937 2871 principia
968 2804 1052 2852 nova
1080 2766 1229 2868 quasdam
1254 2787 1345 2855 Plato
1432 2867 1437 2876 ,

406 2904 563 2986 protulit,
593 2905 816 2987 pertinentque
848 2904 922 2969 haec
954 2904 1097 2985 inprimis
1127 2924 1190 2988 eo,
1219 2919 1255 2970 ut
1283 2925 1347 2989 pu·

410 3019 552 3085 rissimos
578 3019 820 3101 philosophiae,
844 3037 925 3098 quae
950 3039 1059 3085 verum
1093 3035 1238 3104 spectat,
1271 3021 1345 3090 fon·

314 3194 317 3201 .
411 3148 460 3227 tes
496 3133 690 3218 indagemus.
744 3133 959 3219 Quamobrem
992 3154 1057 3203 non
1085 3139 1347 3205 committendum

410 3238 504 3320 nobis
534 3267 606 3335 est,
644 3266 679 3318 ut
708 3251 793 3318 hunc
827 3251 933 3317 locum
964 3253 1177 3339 negligamusa
1212 3239 1346 3323 tractan-

407 3371 468 3437 dus
495 3372 573 3438 adeo
601 3373 723 3437 summa
750 3368 914 3454 diligentia
938 3370 1088 3453 videtur,
1112 3391 1188 3441 cum
1215 3389 1346 3459 propter

407 3487 509 3572 ipsius
536 3488 568 3552 in
597 3486 801 3571 philosophia
829 3488 969 3555 Platonis
1002 3489 1186 3573 gravitatem
1210 3493 1349 3559 auctori·

409 3616 589 3684 laremque,
623 3618 690 3669 tum
714 3603 806 3671 etiam
834 3620 1024 3697 propterea,
1054 3606 1141 3689 quod
1167 3604 1347 3702 Platonicae

410 3717 570 3784 doctrinae
600 3720 775 3787 amantibus
808 3720 890 3785 haud
916 3722 1002 3789 leves
1034 3722 1188 3790 continuo
1218 3720 1347 3826 difficul-

411 3849 492 3901 tates
515 3834 636 3918 objicit.
1245 3852 1247 3857 >

404 3952 536 4044 ,Nam
578 3965 747 4041 occurrunt
782 3951 816 4018 in
852 3950 979 4037 scriptis
1008 3955 1148 4041 Platonis
1174 3962 1348 4045 nonnulle,

415 4072 477 4137 huc
501 4068 694 4153 spectantia,
716 4087 797 4153 quae
814 4069 942 4139 miretur
962 4071 1034 4154 quis
1056 4071 1211 4142 continuo
1234 4090 1279 4157 ‚etp
1293 4093 1348 4141 va·

1307 4206 1343 4254 ro
