2992 5220
640 461 692 483 .-·
709 434 775 505 '129
797 462 845 483 .-

280 608 358 677 ιῦτδ
373 609 572 686 inutilitas.
593 611 647 678 its
666 606 825 705 iamfati
838 613 929 690 dvxi
945 608 1108 692 fastidiis·
1130 612 1208 684 tals·

281 748 339 789 cuv
371 727 432 804 γὰρ
454 727 485 793 iv
509 725 715 808 βραχυτάτοις
739 736 849 795 κεῖται.
894 721 970 787 Non
994 725 1074 786 tvaim
1101 743 1209 792 verm·

205 844 210 863 '
278 833 379 916 dum,
399 857 437 903 ne
464 841 534 924 qais
552 838 639 906 iliud
659 839 879 918 obliviscatur,
911 840 939 902 si
961 836 1056 903 scotti⁴
1069 855 1210 927 totapa-

278 958 326 1020 ris
355 958 482 1021 animo:
524 976 598 1021 nam
630 958 765 1021 omnium
790 956 986 1043 paucissimis
1015 936 1205 1023 concinitur.

251 1070 464 1153 ,Commotis
486 1071 567 1139 enim
599 1069 632 1137 in
659 1070 784 1152 animo,
818 1069 874 1152 qui
901 1071 1018 1152 latent,
1040 1069 1205 1154 igniculis,

279 1186 395 1269 ardor,
416 1186 473 1269 qui
502 1186 577 1254 inde
603 1185 733 1254 exsistit·
752 1202 784 1267 qt
814 1187 904 1270 quasi
932 1186 1015 1272 ignis
1042 1201 1141 1265 semet
1157 1187 1207 1272 ip-

278 1322 315 1372 se
332 1303 399 1373 alit.
797 1324 800 1331 ·
1064 1324 1068 1333 ·
1182 1370 1185 1375 ,

319 1422 382 1491 Sed
410 1421 498 1489 dicat
521 1422 571 1489 hle
587 1420 732 1504 aliquis:
776 1420 903 1506 scripsit
934 1433 1036 1489 umen
1063 1419 1231 1506 dialogos·

275 1537 480 1620 Pltt0,qu0s
499 1556 583 1604 nunc
606 1538 753 1623 legimus.
804 1539 951 1620 ldvero,
973 1557 993 1602 o
1013 1537 1116 1620 bone,
1139 1556 1205 1604 non

276 1668 369 1740 negat
384 1655 416 1721 in
435 1656 570 1739 epistola
580 1653 634 1722 illa
646 1670 775 1749 auctora
787 1653 867 1722 dixit
885 1655 989 1735 adeo,
1012 1674 1091 1738 quae
1109 1659 1206 1742 ipsius

277 1769 404 1835 nomine
423 1770 538 1851 scripta
550 1769 729 1850 ferrentur,
750 1772 825 1836 haec
843 1771 980 1837 Socratis
999 1790 1081 1839 esse.
1112 1771 1209 1860 Quod

278 1900 311 1952 et
331 1901 405 1953 vere
420 1884 666 1967 pronunciavit:
688 1902 759 1948 nam
792 1898 869 1948 sunt
898 1885 1026 1950 omnino
1050 1904 1131 1969 quae
1149 1905 1208 1952 no-

276 2001 327 2068 bis
353 2001 469 2085 scripta
494 1998 645 2081 reliquit,
679 1996 832 2064 Socratici
860 2015 1041 2066 sermonesa
1072 2015 1106 2066 et
1133 2019 1209 2070 sane

279 2122 325 2186 sic
351 2116 593 2204 pronunciavit,
618 2130 671 2197 ut,
695 2114 772 2197 quid
795 2114 835 2180 de
856 2115 924 2200 ejus
942 2113 1072 2200 dialogis
1101 2114 1209 2181 existi·

279 2236 423 2305 mandunt
449 2234 514 2314 sit,
545 2231 758 2301 declaraverit.
803 2231 887 2297 Nam
909 2249 960 2299 res
993 2230 1138 2316 profecto
1160 2231 1204 2299 ita

278 2372 314 2421 se
340 2351 454 2418 habet:
479 2367 560 2432 quae
584 2349 652 2414 sive
670 2368 688 2414 a
708 2348 837 2413 Socrate
862 2347 930 2413 sive
956 2346 994 2411 ab
1022 2346 1089 2414 aliis
1116 2367 1203 2418 acce·

279 2482 366 2554 perat
393 2466 462 2532 sive
489 2477 652 2548 pepererat
679 2463 768 2547 ipse,
810 2463 867 2528 hac
907 2461 1064 2528 scribendi
1085 2461 1205 2531 ratione

275 2582 413 2668 posteris
437 2580 573 2647 tradidit.
627 2580 698 2666 Qua
729 2578 763 2645 in
792 2597 847 2660 re,
871 2579 958 2662 quod
987 2581 1026 2646 de
1054 2579 1204 2665 magistro

276 2701 437 2780 diximus,
478 2698 558 2765 nihil
584 2716 655 2766 eum
680 2697 784 2780 magni
809 2715 990 2783 aggressum
1017 2697 1207 2782 pollicitum·

278 2836 364 2901 que,
395 2815 525 2884 maxima
563 2813 755 2898 perfecisse,
786 2815 912 2882 eandem
939 2816 1138 2899 agnoscimus
1170 2816 1203 2883 iu

273 2934 432 3017 discipulo
453 2947 485 3001 et
510 2931 737 3015 simplicitatem
759 2946 791 2999 et
811 2932 972 2999 virtutem.
1015 2932 1097 3012 Nam
1119 2933 1204 2998 hunc

274 3051 309 3117 in
331 3051 458 3117 modum
472 3048 599 3130 scripsit
622 3048 798 3117 Socraticos
824 3068 1009 3132 sermones,
1029 3065 1089 3131 ut,
1111 3068 1204 3133 quam

265 3169 307 3250 in
335 3168 475 3234 Phaedro
501 3166 907 3233 commendavitscribendi
934 3167 1102 3249 rationem„
1131 3185 1203 3249 curn

275 3283 347 3368 ipso
377 3283 541 3348 scribendo
570 3283 732 3358 Phaedro,
755 3297 821 3347 tum
843 3282 973 3346 caeteris
998 3282 1125 3364 scriptis
1151 3301 1207 3351 est·

275 3397 440 3483 presserit:
469 3395 619 3476 quodque
646 3393 725 3459 effici
754 3393 831 3458 dixit
860 3392 1002 3459 familiari
1021 3393 1102 3460 vitae
1125 3413 1206 3460 cou-

276 3512 443 3582 suetudine
468 3508 649 3588 mutuisque
676 3508 898 3591 sermonibus,
926 3508 970 3575 ·id
998 3507 1036 3574 iis
1066 3509 1205 3578 scriben-

275 3630 379 3699 disin
409 3626 519 3693 animis
541 3627 692 3691 lectorum
715 3624 865 3692 effecerit.
908 3625 983 3714 Quo
1006 3621 1147 3709 iactum',
1169 3643 1207 3696 ut

275 3747 382 3816 nullus
420 3742 588 3812 fueritin
622 3742 808 3825 antiquitate
835 3742 1071 3828 philosophus,
1113 3748 1204 3831 cujus

277 3865 393 3946 scripta
417 3862 455 3928 ad
485 3858 621 3942 quodvis
653 3878 753 3945 genus
785 3861 947 3927 hominum
974 3860 1114 3929 veritatis
1146 3864 1209 3929 vir·

278 3977 421 4060 tutisque
439 3996 544 4044 amore
575 3975 825 4045 inflammandum
845 3976 1014 4047 valuerint.
1030 3977 1150 4066 magia,
1172 3980 1206 4047 ln

726 4093 742 4169 1
1074 4172 1088 4189 κ
1142 4093 1204 4163 cla·
