2992 5220
658 500 829 564 -„..

274 661 444 730 derivavit:
478 663 547 730 sive
567 665 709 747 quaestio
741 665 912 749 agebatur,
945 683 1024 748 qttae
1044 662 1200 734 doctrinas

275 793 455 864 spectaret,
477 780 553 864 quid
580 781 623 846 sit
649 780 794 846 discere?
816 781 893 864 quid
920 782 1057 849 docere?
1080 799 1115 848 ut
1131 789 1202 869 pui-

181 908 183 912 ‘
271 897 318 963 cti
332 897 419 976 sslic,
440 897 483 962 ita
504 897 554 964 hic
576 901 645 964 acri
664 897 696 961 in
715 896 840 964 homine
857 902 1200 984 amoremexploravi13

236 1085 238 1088 ,
276 1013 328 1079 hic
344 1030 447 1078 autem
463 1014 599 1079 animum
617 1015 786 1096 proposuit
812 1015 905 1082 nobis
921 1031 957 1081 ut
970 1017 1129 1101 gravidum
1151 1036 1208 1084 nan

274 1129 346 1194 turi
375 1129 564 1212 optimorum
589 1130 790 1211 studiorum,
819 1148 855 1197 ut
879 1135 929 1200 vei
955 1134 1022 1217 ipse
1043 1154 1100 1219 per
1117 1153 1154 1202 se
1171 1134 1204 1201 in

274 1246 385 1329 pulcro
416 1247 821 1328 versatus,ve1.adbibita
846 1265 1024 1335 passarana,
1053 1269 1124 1317 curu
1147 1268 1206 1338 op·

273 1360 358 1427 timis
383 1362 518 1430 inventis
542 1364 625 1447 ipsas
656 1379 778 1448 pateret
797 1366 967 1432 doctrinas.
1024 1358 1126 1455 Quam
1157 1388 1206 1438 ar·

271 1476 352 1545 tium
383 1498 578 1547 communem
612 1480 763 1567 originem
790 1483 1005 1564 attendentes,
1035 1502 1101 1551 non
1131 1504 1208 1569 pos·

274 1613 383 1662 sumus
414 1616 478 1662 non
502 1617 577 1664 curn>
601 1599 762 1683 percipere
788 1597 953 1668 Ciceronis
983 1599 1108 1668 effatum
1136 1615 1225 1684 tum,

274 1712 429 1795 probare,
462 1719 617 1782 contineri
646 1738 697 1783 cas
727 1719 1016 1803 cognationis
1044 1710 1208 1815 can'asdan

272 1828 408 1897 vincalo·
449 1826 532 1899 Nam
553 1848 658 1915 partae
677 1852 787 1900 ornnes
815 1833 929 1918 pariter
948 1835 1057 1901 eodem
1079 1828 1207 1920 ingenio

273 1944 434 2026 humano,
456 1950 630 2029 eodemque
651 1950 752 2032 pulcri
774 1951 904 2033 verique
928 1970 1031 2015 amore
1053 1951 1084 2014 in
1107 1953 1209 2047 lucem

275 2059 396 2141 editae,
428 2061 538 2142 quidni
560 2063 655 2126 nobis
685 2078 716 2127 et
740 2078 891 2145 cognatae
919 2064 1062 2127 dicantur
1083 2082 1154 2130 esse
1173 2078 1208 2132 et

274 2166 387 2245 mutuo
422 2175 482 2241 sibi
517 2194 627 2242 onmes
661 2177 694 2241 in
731 2178 918 2260 optimarum
958 2198 1060 2247 rernm
1093 2180 1206 2250 sarona

276 2313 369 2380 opem
397 2293 505 2361 ferre?
548 2292 600 2387 Es
626 2293 675 2359 his
701 2313 793 2359 orsus
818 2293 1002 2378 principiis,
1044 2296 1100 2376 qui
1131 2298 1205 2364 artis

276 2414 432 2498 cujusque
459 2426 490 2477 et
517 2410 679 2476 doctrinae
706 2423 870 2490 naturam,
892 2410 1066 2493 rationem,
1088 2431 1209 2517 propp·

273 2528 370 2594 situm
399 2528 580 2613 indagavit,
612 2529 699 2609 quod
725 2524 914 2594 Aristoteles
945 2528 1077 2594 tentavit
1105 2528 1209 2595 subti-

274 2645 415 2727 lissime,
458 2662 517 2711 nae
544 2645 571 2710 is
602 2642 641 2709 de
668 2642 785 2709 artibus
819 2657 851 2708 et
885 2642 1036 2709 doctrinis
1070 2643 1208 2728 ipsoque
1296 2664 1299 2669 ’

273 2777 382 2831 eorum
408 2760 521 2842 fonte,
542 2760 668 2845 ingenio
689 2760 849 2841 humano,
870 2762 1026 2843 praeclare
1044 2760 1205 2828 meruerit.

275 2880 400 2970 Quodsi
425 2880 496 2963 quis
523 2876 670 2959 dubitat,
692 2896 766 2943 num
793 2876 908 2946 Cicero
928 2879 1004 2944 haec
1029 2879 1133 2943 omnia
1155 2898 1209 2945 ex·

274 2997 423 3082 presserit
445 2996 610 3076 oratione,
642 3013 738 3075 quarm
766 3010 824 3074 pro
854 2992 970 3056 Archia
993 2990 1133 3070 diceret,
1160 2991 1209 3056 ia·

276 3128 369 3194 teor,
402 3132 452 3180 me
481 3115 554 3181 item
585 3111 743 3191 dubitare,
778 3108 841 3174 imo
866 3105 1041 3173 existimare
1073 3105 1207 3188 potius,

277 3244 463 3312 usurpatum
486 3232 546 3296 hoc
573 3245 641 3294 tum
673 3228 712 3295 ab
742 3246 780 3293 eo
812 3243 903 3306 esse,
946 3238 982 3289 ut
1009 3240 1207 3290 communem

187 3342 189 3347 ’
276 3343 473 3413 sententiam.
496 3344 706 3411 Vemntamen
723 3343 854 3410 eundem
874 3341 1084 3421 Ciceronem,
1098 3340 1208 3406 eodem

276 3479 439 3547 tempore,
460 3478 525 3526 rent
553 3471 671 3539 totam,
693 3473 729 3522 ut
751 3459 975 3543 exposuimus,
996 3456 1123 3541 penitus
1138 3475 1210 3542 per·

277 3579 441 3662 spexisse,
480 3578 542 3643 hoc
568 3575 638 3657 ipse
666 3573 811 3656 probavit
838 3574 964 3639 biennio
999 3571 1095 3656 p'ost,
1135 3594 1207 3642 cum

278 3676 414 3761 scribere
434 3711 600 3779 aggressus
617 3691 717 3757 libros
734 3689 775 3756 dc
794 3689 954 3770 Oratore,
976 3691 1209 3776 philosophiam

276 3810 458 3878 celebraret.
502 3810 625 3876 Graeco
649 3809 728 3873 hanc
753 3807 879 3873 nomine
896 3807 1093 3890 appellabat,
1115 3808 1210 3894 quip-

224 3952 225 3959 ¹
276 3948 319 4016 pe
347 3924 477 4011 originis
502 3925 640 3992 Graecae
669 3939 702 3990 et
731 3925 859 3990 vixdum
876 3922 990 3989 Latine
1009 3942 1205 4008 expressama

275 4060 465 4129 quamquam
496 4041 543 4108 sic
565 4058 633 4108 eam
662 4041 755 4110 simul
785 4039 980 4121 decumbat,
1020 4055 1058 4106 ut
1086 4039 1210 4123 aspica-

1147 4155 1209 4224 ttae
