2992 5220
406 635 536 701 omnino
555 636 665 704 sectari
692 637 834 718 fallacia,
867 637 971 722 iisque
993 640 1149 705 sectandis
1182 632 1244 703 non
1268 640 1330 705 bo·

402 743 468 819 nas'
490 755 601 833 horas,
635 753 691 818 sed
717 766 812 819 totam
840 755 935 821 vitam
957 756 1155 840 impendere,
1184 755 1257 820 haec
1280 771 1330 821 est

403 869 805 952 hominis,praesentehoc
826 871 1057 958 statu,misera
1078 889 1154 937 sane
1172 871 1330 938 conditio.

441 987 488 1053 Ut
508 1000 610 1052 autem
636 1005 675 1051 ex
719 988 779 1051 hoc
813 989 902 1069 quasi
935 1008 1049 1055 somno
1077 989 1331 1075 expergiscantur

287 1092 291 1099 ⁴
399 1105 566 1183 mortales,
607 1103 798 1170 adhibendae
837 1106 976 1189 ipsorum
1011 1105 1109 1171 menti
1147 1105 1332 1189 disciplinae

398 1236 486 1287 aunt.
528 1220 610 1286 Nam
638 1223 742 1286 valent
765 1222 822 1288 hae
841 1222 1066 1305 potissimum,
1091 1237 1127 1288 ut
1155 1241 1195 1288 ne
1224 1222 1328 1287 videa-

398 1354 470 1402 mur
495 1335 588 1400 nobis
616 1335 745 1415 videre,
770 1355 851 1417 quae
876 1359 937 1403 non
965 1355 1061 1411 sum:
1083 1337 1234 1421 perficere
1251 1337 1330 1403 adeo

399 1452 461 1517 hoc
486 1451 625 1531 debent,
656 1466 691 1515 ut
715 1468 795 1531 quae
827 1467 923 1532 runt,
956 1454 1011 1517 sed
1039 1454 1135 1518 latent
1166 1453 1328 1518 hominum

397 1570 533 1652 vulgus,
574 1569 660 1650 quod
690 1567 894 1650 opinionibus
931 1569 1077 1649 ducitur,
1119 1569 1194 1635 haec
1225 1570 1328 1634 viden-

398 1704 468 1752 mus
497 1685 692 1766 interiusque
719 1683 854 1749 nitamur
886 1703 1091 1769 cognoscere.
1137 1654 1262 1750 §citidt
1291 1686 1328 1749 ad

396 1803 552 1868 internum
575 1818 702 1866 sensum
722 1816 888 1882 nostrum,
911 1803 1047 1868 externis
1067 1802 1128 1867 illis
1144 1806 1239 1888 longe
1269 1824 1330 1886 po·

397 1918 531 1999 dorem,
553 1923 663 1985 natura
682 1919 862 2000 pertinent,
885 1939 950 2000 quo
978 1921 1102 2001 quidem
1127 1939 1184 2004 per
1215 1940 1266 1985 eas
1297 1937 1329 1986 et

397 2049 531 2117 purgato
554 2033 612 2097 rite
632 2047 663 2097 et
686 2050 817 2116 apertu,
838 2047 869 2099 et
889 2053 967 2099 vero
986 2036 1090 2100 adres
1110 2035 1263 2118 ipsas,ad
1281 2037 1328 2118 ip-

396 2168 462 2215 sam
489 2151 649 2216 veritatem
681 2169 861 2231 converso,
894 2165 959 2217 tum
988 2151 1111 2217 demum
1146 2152 1219 2232 quis
1247 2152 1330 2216 desi·

395 2267 443 2332 nit
474 2268 647 2344 somniare,
683 2269 761 2350 drap
789 2272 859 2349 ζῇν,
893 2246 1022 2348 vigilare
1048 2282 1186 2346 vereque
1221 2266 1329 2332 vivere

396 2383 519 2467 incipit.
565 2385 600 2446 Id
624 2383 713 2445 Plato
757 2379 947 2444 efficiendum
991 2379 1223 2462 disciplinarum
1266 2401 1329 2465 ope

396 2499 544 2576 censuit3
570 2498 624 2561 sed
655 2498 763 2577 quales
796 2511 871 2561 sunt
893 2496 988 2562 illae?
1021 2517 1102 2579 quae
1132 2514 1240 2565 mutua
1278 2512 1328 2567 ea·

397 2632 465 2680 rum
491 2615 568 2679 ratio
592 2613 666 2678 est?
711 2628 822 2693 estne,
846 2633 911 2696 quo
934 2619 1048 2681 nuturd
1069 2618 1327 2701 conjunguntur,

396 2729 556 2796 vinculum
590 2732 779 2797 commune?
807 2731 893 2797 Haec
920 2748 956 2797 ut
985 2747 1068 2798 recte
1104 2734 1327 2816 exploremus,

397 2848 438 2913 de
470 2846 575 2916 indole
597 2847 815 2932 philosopha,
854 2866 947 2928 quam
980 2863 1074 2912 vocat
1104 2850 1217 2929 Plato,
1240 2867 1330 2933 prae·

397 2965 521 3032 mittere
539 2963 681 3031 nonnihil
700 2965 801 3048 juvat.
846 2964 922 3028 lnde
944 2963 1026 3028 enim
1060 2964 1192 3030 maxime
1211 2967 1248 3031 ad
1270 2965 1329 3033 tria

396 3085 449 3151 iila
481 3083 684 3168 explicanda,
726 3100 806 3163 quae
839 3081 934 3145 modo
976 3081 1242 3165 memoravimus,
1273 3084 1330 3149 du·

396 3200 530 3266 cendum
560 3197 723 3265 exordium
743 3212 804 3264 est.

597 3433 657 3499 Dr
688 3431 1129 3522 iudolrphr'losopha.

440 3668 613 3735 Audiamus
653 3668 812 3734 Platonem
854 3664 1028 3741 continuo,
1072 3661 1140 3727 sive
1170 3664 1328 3739 Socratem

312 3846 316 3851 .
397 3786 532 3872 potius,
562 3803 655 3869 quem
684 3786 774 3851 Plato
811 3782 886 3848 fecit
922 3781 952 3845 in
982 3779 1092 3847 Politia
1130 3801 1202 3846 cum
1232 3783 1330 3847 Glau-

396 3920 478 3973 cone
503 3918 535 3972 et
567 3901 735 3969 Adimanto
756 3902 794 3966 de
817 3898 941 3963 sublimi
969 3913 1151 3982 argumento
1173 3897 1332 3963 disseren-

391 4037 475 4092 tem.
508 4020 614 4101 ¹Hoc,
636 4016 702 4102 rit,
720 4015 879 4084 ¹continuo
903 4013 1102 4082 manifestum
1124 4028 1195 4096 est,
1216 4014 1336 4097 eligen-

1273 4130 1333 4195 dos
