<?xml version="1.0" encoding="UTF-8"?>
<!DOCTYPE html PUBLIC "-//W3C//DTD XHTML 1.0 Transitional//EN"
    "http://www.w3.org/TR/xhtml1/DTD/xhtml1-transitional.dtd">
<html xmlns="http://www.w3.org/1999/xhtml" xml:lang="en" lang="en">
 <head>
  <title>
</title>
<meta http-equiv="Content-Type" content="text/html;charset=utf-8" />
  <meta name='ocr-system' content='tesseract 3.04.00' />
  <meta name='ocr-capabilities' content='ocr_page ocr_carea ocr_par ocr_line ocrx_word'/>
</head>
<body>
  <div class='ocr_page' id='page_1' title='image "./initiaphilosoph01heusgoog_0070.png"; bbox 0 0 2992 5220; ppageno 0'>
   <div class='ocr_carea' id='block_1_1' title="bbox 644 501 820 567">
    <p class='ocr_par' dir='ltr' id='par_1_1' title="bbox 644 501 820 567">
     <span class='ocr_line' id='line_1_1' title="bbox 644 501 820 567; baseline 0.04 -29"><span class='ocrx_word' id='word_1_1' title='bbox 644 501 820 567; x_wconf 61' lang='grc' dir='ltr'>..43η</span> 
     </span>
    </p>
   </div>
   <div class='ocr_carea' id='block_1_2' title="bbox 273 640 1313 3083">
    <p class='ocr_par' dir='ltr' id='par_1_2' title="bbox 273 640 1313 3083">
     <span class='ocr_line' id='line_1_2' title="bbox 273 640 1240 749; baseline -0.01 -14"><span class='ocrx_word' id='word_1_2' title='bbox 273 672 363 736; x_wconf 90' lang='lat' dir='ltr'>Plato</span> <span class='ocrx_word' id='word_1_3' title='bbox 383 663 573 749; x_wconf 70' lang='lat' dir='ltr'>usurpavit?</span> <span class='ocrx_word' id='word_1_4' title='bbox 607 663 657 727; x_wconf 88' lang='lat' dir='ltr'>Sic</span> <span class='ocrx_word' id='word_1_5' title='bbox 685 661 777 743; x_wconf 90' lang='lat' dir='ltr'>loqui</span> <span class='ocrx_word' id='word_1_6' title='bbox 802 640 975 744; x_wconf 86' lang='lat' dir='ltr'>praestabat</span> <span class='ocrx_word' id='word_1_7' title='bbox 997 659 1202 745; x_wconf 86' lang='lat' dir='ltr'>simpliciter,</span> <span class='ocrx_word' id='word_1_8' title='bbox 1235 645 1240 655; x_wconf 50' lang='lat'><strong>¹</strong></span> 
     </span>
     <span class='ocr_line' id='line_1_3' title="bbox 276 776 1205 866; baseline -0.006 -18"><span class='ocrx_word' id='word_1_9' title='bbox 276 803 368 865; x_wconf 91' lang='lat' dir='ltr'>quam</span> <span class='ocrx_word' id='word_1_10' title='bbox 387 781 512 866; x_wconf 72' lang='lat' dir='ltr'>poetice</span> <span class='ocrx_word' id='word_1_11' title='bbox 532 800 667 845; x_wconf 80' lang='lat' dir='ltr'>amorem</span> <span class='ocrx_word' id='word_1_12' title='bbox 689 777 775 842; x_wconf 91' lang='lat' dir='ltr'>omui</span> <span class='ocrx_word' id='word_1_13' title='bbox 807 777 1043 862; x_wconf 84' lang='lat' dir='ltr'>opportunitate</span> <span class='ocrx_word' id='word_1_14' title='bbox 1069 776 1205 845; x_wconf 90' lang='lat' dir='ltr'>celebra·</span> 
     </span>
     <span class='ocr_line' id='line_1_4' title="bbox 273 894 1209 981; baseline -0.007 -15"><span class='ocrx_word' id='word_1_15' title='bbox 273 920 320 968; x_wconf 87' lang='lat' dir='ltr'>re.</span> <span class='ocrx_word' id='word_1_16' title='bbox 364 897 466 981; x_wconf 82' lang='lat' dir='ltr'>Atqui</span> <span class='ocrx_word' id='word_1_17' title='bbox 494 916 579 978; x_wconf 86' lang='lat' dir='ltr'>vos,</span> <span class='ocrx_word' id='word_1_18' title='bbox 612 913 632 960; x_wconf 93' lang='lat' dir='ltr'>o</span> <span class='ocrx_word' id='word_1_19' title='bbox 661 895 757 976; x_wconf 91' lang='lat' dir='ltr'>boni,</span> <span class='ocrx_word' id='word_1_20' title='bbox 792 895 823 959; x_wconf 91' lang='lat' dir='ltr'>id</span> <span class='ocrx_word' id='word_1_21' title='bbox 854 895 915 980; x_wconf 90' lang='lat' dir='ltr'>ipsi</span> <span class='ocrx_word' id='word_1_22' title='bbox 946 894 1036 980; x_wconf 85' lang='lat' dir='ltr'>agitis</span> <span class='ocrx_word' id='word_1_23' title='bbox 1064 895 1095 961; x_wconf 89' lang='lat' dir='ltr'>in</span> <span class='ocrx_word' id='word_1_24' title='bbox 1125 895 1209 960; x_wconf 74' lang='lat' dir='ltr'>visae</span> 
     </span>
     <span class='ocr_line' id='line_1_5' title="bbox 276 1012 1209 1109; baseline -0.005 -27"><span class='ocrx_word' id='word_1_25' title='bbox 276 1014 524 1094; x_wconf 90' lang='lat' dir='ltr'>consuetudine,</span> <span class='ocrx_word' id='word_1_26' title='bbox 557 1013 642 1094; x_wconf 91' lang='lat' dir='ltr'>quod</span> <span class='ocrx_word' id='word_1_27' title='bbox 664 1012 696 1109; x_wconf 76' lang='lat' dir='ltr'>ip</span> <span class='ocrx_word' id='word_1_28' title='bbox 717 1012 847 1079; x_wconf 90' lang='lat' dir='ltr'>Platone</span> <span class='ocrx_word' id='word_1_29' title='bbox 877 1013 1120 1096; x_wconf 84' lang='lat' dir='ltr'>reprehenditis:</span> <span class='ocrx_word' id='word_1_30' title='bbox 1138 1032 1209 1079; x_wconf 85' lang='lat' dir='ltr'>¹uo·</span> 
     </span>
     <span class='ocr_line' id='line_1_6' title="bbox 276 1128 1211 1216; baseline -0.003 -18"><span class='ocrx_word' id='word_1_31' title='bbox 276 1149 344 1198; x_wconf 89' lang='lat' dir='ltr'>cem</span> <span class='ocrx_word' id='word_1_32' title='bbox 363 1129 519 1213; x_wconf 89' lang='lat' dir='ltr'>usurpatis</span> <span class='ocrx_word' id='word_1_33' title='bbox 540 1128 704 1194; x_wconf 85' lang='lat' dir='ltr'>identidem</span> <span class='ocrx_word' id='word_1_34' title='bbox 719 1147 888 1212; x_wconf 89' lang='lat' dir='ltr'>sermone,</span> <span class='ocrx_word' id='word_1_35' title='bbox 911 1130 1026 1216; x_wconf 90' lang='lat' dir='ltr'>linguis</span> <span class='ocrx_word' id='word_1_36' title='bbox 1046 1128 1211 1196; x_wconf 89' lang='lat' dir='ltr'>Germani·</span> 
     </span>
     <span class='ocr_line' id='line_1_7' title="bbox 277 1242 1210 1332; baseline -0.003 -17"><span class='ocrx_word' id='word_1_37' title='bbox 277 1247 322 1315; x_wconf 87' lang='lat' dir='ltr'>cis</span> <span class='ocrx_word' id='word_1_38' title='bbox 340 1245 517 1332; x_wconf 88' lang='lat' dir='ltr'>propriam,</span> <span class='ocrx_word' id='word_1_39' title='bbox 528 1243 717 1311; x_wconf 75' lang='lat' dir='ltr'>uaarhcidsl</span> <span class='ocrx_word' id='word_1_40' title='bbox 702 1245 818 1328; x_wconf 79' lang='lat' dir='ltr'>liefdc,</span> <span class='ocrx_word' id='word_1_41' title='bbox 839 1247 1100 1313; x_wconf 79' lang='lat' dir='ltr'>uahrheitsliebc:</span> <span class='ocrx_word' id='word_1_42' title='bbox 1122 1242 1210 1328; x_wconf 86' lang='lat' dir='ltr'>quod</span> 
     </span>
     <span class='ocr_line' id='line_1_8' title="bbox 278 1361 1212 1450; baseline 0 -21"><span class='ocrx_word' id='word_1_43' title='bbox 278 1363 395 1450; x_wconf 87' lang='lat' dir='ltr'>pariter</span> <span class='ocrx_word' id='word_1_44' title='bbox 423 1361 596 1445; x_wconf 84' lang='lat' dir='ltr'>exprimere</span> <span class='ocrx_word' id='word_1_45' title='bbox 624 1377 761 1428; x_wconf 89' lang='lat' dir='ltr'>caeterae</span> <span class='ocrx_word' id='word_1_46' title='bbox 787 1363 911 1450; x_wconf 87' lang='lat' dir='ltr'>linguae</span> <span class='ocrx_word' id='word_1_47' title='bbox 930 1364 1081 1446; x_wconf 86' lang='lat' dir='ltr'>student,</span> <span class='ocrx_word' id='word_1_48' title='bbox 1104 1382 1212 1446; x_wconf 90' lang='lat' dir='ltr'>quam-</span> 
     </span>
     <span class='ocr_line' id='line_1_9' title="bbox 277 1476 1213 1566; baseline 0.002 -20"><span class='ocrx_word' id='word_1_49' title='bbox 277 1478 329 1546; x_wconf 88' lang='lat' dir='ltr'>vis</span> <span class='ocrx_word' id='word_1_50' title='bbox 349 1479 532 1564; x_wconf 84' lang='lat' dir='ltr'>hujusmodi</span> <span class='ocrx_word' id='word_1_51' title='bbox 553 1479 707 1545; x_wconf 86' lang='lat' dir='ltr'>vocabulo</span> <span class='ocrx_word' id='word_1_52' title='bbox 730 1493 882 1546; x_wconf 86' lang='lat' dir='ltr'>carentes.</span> <span class='ocrx_word' id='word_1_53' title='bbox 927 1480 978 1547; x_wconf 87' lang='lat' dir='ltr'>Sic</span> <span class='ocrx_word' id='word_1_54' title='bbox 1008 1479 1092 1547; x_wconf 89' lang='lat' dir='ltr'>inest</span> <span class='ocrx_word' id='word_1_55' title='bbox 1106 1476 1213 1566; x_wconf 88' lang='lat' dir='ltr'>inge·</span> 
     </span>
     <span class='ocr_line' id='line_1_10' title="bbox 279 1595 1277 1708; baseline 0 -44"><span class='ocrx_word' id='word_1_56' title='bbox 279 1595 342 1664; x_wconf 91' lang='lat' dir='ltr'>niis</span> <span class='ocrx_word' id='word_1_57' title='bbox 371 1597 510 1679; x_wconf 77' lang='lat' dir='ltr'>nostris,</span> <span class='ocrx_word' id='word_1_58' title='bbox 534 1617 669 1681; x_wconf 80' lang='lat' dir='ltr'>quortmr</span> <span class='ocrx_word' id='word_1_59' title='bbox 700 1596 823 1708; x_wconf 85' lang='lat' dir='ltr'>linguae</span> <span class='ocrx_word' id='word_1_60' title='bbox 846 1595 991 1664; x_wconf 89' lang='lat' dir='ltr'>dicuntur</span> <span class='ocrx_word' id='word_1_61' title='bbox 1011 1600 1138 1682; x_wconf 89' lang='lat' dir='ltr'>specula</span> <span class='ocrx_word' id='word_1_62' title='bbox 1164 1615 1216 1697; x_wconf 74' lang='grc' dir='ltr'>ιιι·Ἰ</span> <span class='ocrx_word' id='word_1_63' title='bbox 1273 1667 1277 1679; x_wconf 65' lang='lat'>,</span> 
     </span>
     <span class='ocr_line' id='line_1_11' title="bbox 280 1714 1265 1821; baseline 0.002 -41"><span class='ocrx_word' id='word_1_64' title='bbox 280 1732 336 1797; x_wconf 90' lang='lat' dir='ltr'>se,</span> <span class='ocrx_word' id='word_1_65' title='bbox 357 1718 473 1781; x_wconf 80' lang='lat' dir='ltr'>amoris</span> <span class='ocrx_word' id='word_1_66' title='bbox 498 1717 612 1821; x_wconf 85' lang='lat' dir='ltr'>¹notio,</span> <span class='ocrx_word' id='word_1_67' title='bbox 646 1734 744 1796; x_wconf 92' lang='lat' dir='ltr'>quum</span> <span class='ocrx_word' id='word_1_68' title='bbox 772 1715 811 1781; x_wconf 92' lang='lat' dir='ltr'>de</span> <span class='ocrx_word' id='word_1_69' title='bbox 831 1714 963 1781; x_wconf 84' lang='lat' dir='ltr'>veritate</span> <span class='ocrx_word' id='word_1_70' title='bbox 976 1716 1127 1802; x_wconf 78' lang='lat' dir='ltr'>ejusque</span> <span class='ocrx_word' id='word_1_71' title='bbox 1147 1729 1219 1782; x_wconf 91' lang='lat' dir='ltr'>stu·</span> <span class='ocrx_word' id='word_1_72' title='bbox 1262 1726 1265 1734; x_wconf 85' lang='grc'><strong>“</strong></span> 
     </span>
     <span class='ocr_line' id='line_1_12' title="bbox 282 1800 1213 1938; baseline 0.002 -41"><span class='ocrx_word' id='word_1_73' title='bbox 282 1831 337 1897; x_wconf 90' lang='lat' dir='ltr'>dio</span> <span class='ocrx_word' id='word_1_74' title='bbox 363 1814 537 1916; x_wconf 81' lang='lat' dir='ltr'>cogitamus</span> <span class='ocrx_word' id='word_1_75' title='bbox 569 1850 604 1895; x_wconf 91' lang='lat' dir='ltr'>ac</span> <span class='ocrx_word' id='word_1_76' title='bbox 627 1831 822 1899; x_wconf 87' lang='lat' dir='ltr'>disserimus</span> <span class='ocrx_word' id='word_1_77' title='bbox 875 1832 1057 1918; x_wconf 86' lang='lat' dir='ltr'>Quocirca,</span> <span class='ocrx_word' id='word_1_78' title='bbox 1088 1800 1213 1938; x_wconf 81' lang='lat' dir='ltr'>quando</span> 
     </span>
     <span class='ocr_line' id='line_1_13' title="bbox 284 1946 1218 2036; baseline 0.009 -23"><span class='ocrx_word' id='word_1_79' title='bbox 284 1965 349 2024; x_wconf 87' lang='lat' dir='ltr'>rem</span> <span class='ocrx_word' id='word_1_80' title='bbox 369 1947 430 2014; x_wconf 90' lang='lat' dir='ltr'>rite</span> <span class='ocrx_word' id='word_1_81' title='bbox 449 1946 725 2030; x_wconf 89' lang='lat' dir='ltr'>perpenderimus,</span> <span class='ocrx_word' id='word_1_82' title='bbox 748 1948 831 2014; x_wconf 93' lang='lat' dir='ltr'>ultro</span> <span class='ocrx_word' id='word_1_83' title='bbox 848 1947 1035 2029; x_wconf 86' lang='lat' dir='ltr'>fatebimur,</span> <span class='ocrx_word' id='word_1_84' title='bbox 1057 1949 1090 2014; x_wconf 92' lang='lat' dir='ltr'>id</span> <span class='ocrx_word' id='word_1_85' title='bbox 1114 1950 1218 2036; x_wconf 85' lang='lat' dir='ltr'>egisse</span> 
     </span>
     <span class='ocr_line' id='line_1_14' title="bbox 283 2042 1221 2146; baseline -0.004 -15"><span class='ocrx_word' id='word_1_86' title='bbox 283 2062 397 2131; x_wconf 91' lang='lat' dir='ltr'>iuhac</span> <span class='ocrx_word' id='word_1_87' title='bbox 415 2077 482 2128; x_wconf 86' lang='lat' dir='ltr'>tota</span> <span class='ocrx_word' id='word_1_88' title='bbox 509 2062 695 2146; x_wconf 89' lang='lat' dir='ltr'>quaestione</span> <span class='ocrx_word' id='word_1_89' title='bbox 712 2042 896 2145; x_wconf 88' lang='lat' dir='ltr'>Platonem,</span> <span class='ocrx_word' id='word_1_90' title='bbox 919 2063 1006 2146; x_wconf 94' lang='lat' dir='ltr'>quod</span> <span class='ocrx_word' id='word_1_91' title='bbox 1032 2081 1128 2128; x_wconf 92' lang='lat' dir='ltr'>unum</span> <span class='ocrx_word' id='word_1_92' title='bbox 1155 2081 1221 2143; x_wconf 85' lang='grc' dir='ltr'>ιιιιι·</span> 
     </span>
     <span class='ocr_line' id='line_1_15' title="bbox 285 2166 1218 2266; baseline -0.006 -17"><span class='ocrx_word' id='word_1_93' title='bbox 285 2180 370 2249; x_wconf 82' lang='lat' dir='ltr'>xime</span> <span class='ocrx_word' id='word_1_94' title='bbox 386 2166 581 2265; x_wconf 87' lang='lat' dir='ltr'>philosopho</span> <span class='ocrx_word' id='word_1_95' title='bbox 604 2180 758 2266; x_wconf 86' lang='lat' dir='ltr'>agendum</span> <span class='ocrx_word' id='word_1_96' title='bbox 789 2195 858 2262; x_wconf 90' lang='lat' dir='ltr'>est,</span> <span class='ocrx_word' id='word_1_97' title='bbox 880 2193 916 2246; x_wconf 91' lang='lat' dir='ltr'>ut</span> <span class='ocrx_word' id='word_1_98' title='bbox 948 2181 1116 2246; x_wconf 86' lang='lat' dir='ltr'>naturalem</span> <span class='ocrx_word' id='word_1_99' title='bbox 1139 2178 1218 2244; x_wconf 90' lang='lat' dir='ltr'>hanc</span> 
     </span>
     <span class='ocr_line' id='line_1_16' title="bbox 290 2296 1221 2382; baseline -0.003 -18"><span class='ocrx_word' id='word_1_100' title='bbox 290 2297 404 2365; x_wconf 92' lang='lat' dir='ltr'>mentis</span> <span class='ocrx_word' id='word_1_101' title='bbox 441 2313 569 2364; x_wconf 89' lang='lat' dir='ltr'>nostrae</span> <span class='ocrx_word' id='word_1_102' title='bbox 612 2296 773 2363; x_wconf 90' lang='lat' dir='ltr'>notionem</span> <span class='ocrx_word' id='word_1_103' title='bbox 803 2297 1058 2382; x_wconf 90' lang='lat' dir='ltr'>philosophando</span> <span class='ocrx_word' id='word_1_104' title='bbox 1085 2296 1221 2379; x_wconf 84' lang='lat' dir='ltr'>explica-</span> 
     </span>
     <span class='ocr_line' id='line_1_17' title="bbox 290 2390 1222 2491; baseline -0.01 -8"><span class='ocrx_word' id='word_1_105' title='bbox 290 2430 351 2483; x_wconf 85' lang='lat' dir='ltr'>ret</span> <span class='ocrx_word' id='word_1_106' title='bbox 402 2390 563 2480; x_wconf 88' lang='lat' dir='ltr'>Potuisset</span> <span class='ocrx_word' id='word_1_107' title='bbox 593 2431 667 2479; x_wconf 89' lang='lat' dir='ltr'>sane</span> <span class='ocrx_word' id='word_1_108' title='bbox 694 2413 761 2478; x_wconf 91' lang='lat' dir='ltr'>aliis</span> <span class='ocrx_word' id='word_1_109' title='bbox 799 2412 932 2478; x_wconf 92' lang='lat' dir='ltr'>vocibus</span> <span class='ocrx_word' id='word_1_110' title='bbox 963 2412 1031 2491; x_wconf 89' lang='lat' dir='ltr'>uti,</span> <span class='ocrx_word' id='word_1_111' title='bbox 1066 2424 1103 2474; x_wconf 91' lang='lat' dir='ltr'>ut</span> <span class='ocrx_word' id='word_1_112' title='bbox 1137 2409 1222 2474; x_wconf 86' lang='lat' dir='ltr'>fece-</span> 
     </span>
     <span class='ocr_line' id='line_1_18' title="bbox 290 2526 1224 2614; baseline -0.01 -18"><span class='ocrx_word' id='word_1_113' title='bbox 290 2539 367 2605; x_wconf 83' lang='lat' dir='ltr'>runt</span> <span class='ocrx_word' id='word_1_114' title='bbox 397 2530 555 2614; x_wconf 87' lang='lat' dir='ltr'>inscriptis</span> <span class='ocrx_word' id='word_1_115' title='bbox 584 2530 726 2610; x_wconf 90' lang='lat' dir='ltr'>posteri,</span> <span class='ocrx_word' id='word_1_116' title='bbox 758 2528 790 2592; x_wconf 93' lang='lat' dir='ltr'>in</span> <span class='ocrx_word' id='word_1_117' title='bbox 821 2526 937 2609; x_wconf 92' lang='lat' dir='ltr'>quibus</span> <span class='ocrx_word' id='word_1_118' title='bbox 957 2538 1126 2591; x_wconf 88' lang='lat' dir='ltr'>occurrunt</span> <span class='ocrx_word' id='word_1_119' title='bbox 1162 2526 1224 2609; x_wconf 58' lang='lat' dir='ltr'>lps-</span> 
     </span>
     <span class='ocr_line' id='line_1_19' title="bbox 290 2619 1222 2735; baseline -0.01 -15"><span class='ocrx_word' id='word_1_120' title='bbox 290 2651 473 2735; x_wconf 58' lang='lat' dir='ltr'>imdppir,</span> <span class='ocrx_word' id='word_1_121' title='bbox 495 2649 660 2729; x_wconf 71' lang='grc' dir='ltr'>ἐπιθυμίαι,</span> <span class='ocrx_word' id='word_1_122' title='bbox 683 2658 714 2710; x_wconf 94' lang='lat' dir='ltr'>et</span> <span class='ocrx_word' id='word_1_123' title='bbox 735 2658 934 2728; x_wconf 84' lang='lat' dir='ltr'>opportune,</span> <span class='ocrx_word' id='word_1_124' title='bbox 958 2643 1023 2709; x_wconf 91' lang='lat' dir='ltr'>suis</span> <span class='ocrx_word' id='word_1_125' title='bbox 1047 2643 1150 2726; x_wconf 91' lang='lat' dir='ltr'>locis,</span> <span class='ocrx_word' id='word_1_126' title='bbox 1171 2619 1222 2711; x_wconf 69' lang='lat' dir='ltr'>his</span> 
     </span>
     <span class='ocr_line' id='line_1_20' title="bbox 288 2746 1313 2845; baseline -0.008 -11"><span class='ocrx_word' id='word_1_127' title='bbox 288 2768 381 2834; x_wconf 85' lang='lat' dir='ltr'>etiam</span> <span class='ocrx_word' id='word_1_128' title='bbox 405 2785 484 2830; x_wconf 91' lang='lat' dir='ltr'>usus</span> <span class='ocrx_word' id='word_1_129' title='bbox 511 2779 560 2830; x_wconf 90' lang='lat' dir='ltr'>est</span> <span class='ocrx_word' id='word_1_130' title='bbox 587 2762 695 2845; x_wconf 91' lang='lat' dir='ltr'>Plat0;</span> <span class='ocrx_word' id='word_1_131' title='bbox 726 2764 782 2828; x_wconf 90' lang='lat' dir='ltr'>sed</span> <span class='ocrx_word' id='word_1_132' title='bbox 808 2761 961 2828; x_wconf 88' lang='lat' dir='ltr'>disserens</span> <span class='ocrx_word' id='word_1_133' title='bbox 984 2760 1065 2826; x_wconf 91' lang='lat' dir='ltr'>idem</span> <span class='ocrx_word' id='word_1_134' title='bbox 1090 2758 1130 2826; x_wconf 88' lang='lat' dir='ltr'>de</span> <span class='ocrx_word' id='word_1_135' title='bbox 1161 2746 1226 2827; x_wconf 69' lang='lat' dir='ltr'>hoe</span> <span class='ocrx_word' id='word_1_136' title='bbox 1307 2824 1313 2837; x_wconf 83' lang='grc'>,</span> 
     </span>
     <span class='ocr_line' id='line_1_21' title="bbox 290 2862 1223 2977; baseline -0.008 -26"><span class='ocrx_word' id='word_1_137' title='bbox 290 2881 511 2970; x_wconf 87' lang='lat' dir='ltr'>philosophiae</span> <span class='ocrx_word' id='word_1_138' title='bbox 545 2882 639 2964; x_wconf 89' lang='lat' dir='ltr'>longe</span> <span class='ocrx_word' id='word_1_139' title='bbox 678 2878 863 2973; x_wconf 83' lang='lat' dir='ltr'>gravissimo</span> <span class='ocrx_word' id='word_1_140' title='bbox 893 2893 925 2945; x_wconf 91' lang='lat' dir='ltr'>et</span> <span class='ocrx_word' id='word_1_141' title='bbox 954 2864 1095 2963; x_wconf 79' lang='lat' dir='ltr'>principe</span> <span class='ocrx_word' id='word_1_142' title='bbox 1105 2862 1223 2977; x_wconf 55' lang='lat' dir='ltr'>joco,</span> 
     </span>
     <span class='ocr_line' id='line_1_22' title="bbox 291 2983 1227 3083; baseline -0.005 -15"><span class='ocrx_word' id='word_1_143' title='bbox 291 3001 373 3083; x_wconf 90' lang='lat' dir='ltr'>nisi,</span> <span class='ocrx_word' id='word_1_144' title='bbox 396 3001 472 3083; x_wconf 93' lang='lat' dir='ltr'>quid</span> <span class='ocrx_word' id='word_1_145' title='bbox 494 2999 535 3064; x_wconf 92' lang='lat' dir='ltr'>sit</span> <span class='ocrx_word' id='word_1_146' title='bbox 556 3018 667 3078; x_wconf 87' lang='lat' dir='ltr'>amor,</span> <span class='ocrx_word' id='word_1_147' title='bbox 690 2998 829 3081; x_wconf 91' lang='lat' dir='ltr'>quidque</span> <span class='ocrx_word' id='word_1_148' title='bbox 856 2997 894 3060; x_wconf 90' lang='lat' dir='ltr'>ad</span> <span class='ocrx_word' id='word_1_149' title='bbox 921 2983 1135 3082; x_wconf 85' lang='lat' dir='ltr'>explicandum</span> <span class='ocrx_word' id='word_1_150' title='bbox 1168 2997 1227 3063; x_wconf 84' lang='lat' dir='ltr'>ho&#39;·</span> 
     </span>
    </p>
   </div>
   <div class='ocr_carea' id='block_1_3' title="bbox 293 3106 1367 3203">
    <p class='ocr_par' dir='ltr' id='par_1_3' title="bbox 293 3106 1367 3203">
     <span class='ocr_line' id='line_1_23' title="bbox 293 3106 1367 3203; baseline -0.008 -17"><span class='ocrx_word' id='word_1_151' title='bbox 293 3117 387 3186; x_wconf 90' lang='lat' dir='ltr'>minis</span> <span class='ocrx_word' id='word_1_152' title='bbox 416 3115 584 3203; x_wconf 80' lang='lat' dir='ltr'>ingenium</span> <span class='ocrx_word' id='word_1_153' title='bbox 612 3115 811 3196; x_wconf 91' lang='lat' dir='ltr'>animumque</span> <span class='ocrx_word' id='word_1_154' title='bbox 845 3116 967 3195; x_wconf 87' lang='lat' dir='ltr'>valeat,</span> <span class='ocrx_word' id='word_1_155' title='bbox 997 3106 1228 3198; x_wconf 74' lang='lat' dir='ltr'>explicuisset,</span> <span class='ocrx_word' id='word_1_156' title='bbox 1296 3154 1299 3158; x_wconf 90' lang='lat'><em>-</em></span> <span class='ocrx_word' id='word_1_157' title='bbox 1363 3183 1367 3192; x_wconf 57' lang='grc'><em>,</em></span> 
     </span>
    </p>
   </div>
   <div class='ocr_carea' id='block_1_4' title="bbox 293 3218 1230 3787">
    <p class='ocr_par' dir='ltr' id='par_1_4' title="bbox 293 3218 1230 3787">
     <span class='ocr_line' id='line_1_24' title="bbox 293 3218 1229 3318; baseline -0.009 -13"><span class='ocrx_word' id='word_1_158' title='bbox 293 3251 429 3305; x_wconf 90' lang='lat' dir='ltr'>mentem</span> <span class='ocrx_word' id='word_1_159' title='bbox 463 3235 532 3318; x_wconf 90' lang='lat' dir='ltr'>ipse</span> <span class='ocrx_word' id='word_1_160' title='bbox 561 3253 647 3299; x_wconf 88' lang='lat' dir='ltr'>suam</span> <span class='ocrx_word' id='word_1_161' title='bbox 676 3220 1118 3314; x_wconf 71' lang='lat' dir='ltr'>sententiamque&#39;exprimere</span> <span class='ocrx_word' id='word_1_162' title='bbox 1142 3218 1229 3297; x_wconf 73' lang='lat' dir='ltr'>frus&#39;·</span> 
     </span>
     <span class='ocr_line' id='line_1_25' title="bbox 294 3346 1228 3430; baseline -0.003 -12"><span class='ocrx_word' id='word_1_163' title='bbox 294 3367 343 3418; x_wconf 91' lang='lat' dir='ltr'>tra</span> <span class='ocrx_word' id='word_1_164' title='bbox 368 3365 531 3419; x_wconf 88' lang='lat' dir='ltr'>tentasset.</span> <span class='ocrx_word' id='word_1_165' title='bbox 574 3351 619 3414; x_wconf 87' lang='lat' dir='ltr'>Et</span> <span class='ocrx_word' id='word_1_166' title='bbox 644 3369 720 3415; x_wconf 90' lang='lat' dir='ltr'>vero</span> <span class='ocrx_word' id='word_1_167' title='bbox 752 3367 811 3414; x_wconf 94' lang='lat' dir='ltr'>nos</span> <span class='ocrx_word' id='word_1_168' title='bbox 840 3348 924 3430; x_wconf 91' lang='lat' dir='ltr'>ipsi,</span> <span class='ocrx_word' id='word_1_169' title='bbox 955 3347 1081 3429; x_wconf 89' lang='lat' dir='ltr'>quoties</span> <span class='ocrx_word' id='word_1_170' title='bbox 1105 3346 1146 3412; x_wconf 88' lang='lat' dir='ltr'>de</span> <span class='ocrx_word' id='word_1_171' title='bbox 1172 3366 1228 3415; x_wconf 78' lang='lat' dir='ltr'>eo·</span> 
     </span>
     <span class='ocr_line' id='line_1_26' title="bbox 297 3464 1228 3549; baseline -0.001 -14"><span class='ocrx_word' id='word_1_172' title='bbox 297 3467 367 3535; x_wconf 87' lang='lat' dir='ltr'>dem</span> <span class='ocrx_word' id='word_1_173' title='bbox 387 3467 450 3532; x_wconf 92' lang='lat' dir='ltr'>hoc</span> <span class='ocrx_word' id='word_1_174' title='bbox 473 3479 656 3549; x_wconf 87' lang='lat' dir='ltr'>argumento</span> <span class='ocrx_word' id='word_1_175' title='bbox 677 3467 745 3530; x_wconf 90' lang='lat' dir='ltr'>sive</span> <span class='ocrx_word' id='word_1_176' title='bbox 772 3464 932 3546; x_wconf 91' lang='lat' dir='ltr'>loquimur</span> <span class='ocrx_word' id='word_1_177' title='bbox 951 3465 1019 3530; x_wconf 91' lang='lat' dir='ltr'>sive</span> <span class='ocrx_word' id='word_1_178' title='bbox 1038 3465 1228 3549; x_wconf 88' lang='lat' dir='ltr'>scribimus,</span> 
     </span>
     <span class='ocr_line' id='line_1_27' title="bbox 297 3575 1230 3679; baseline 0.004 -31"><span class='ocrx_word' id='word_1_179' title='bbox 297 3601 362 3667; x_wconf 91' lang='lat' dir='ltr'>quo</span> <span class='ocrx_word' id='word_1_180' title='bbox 373 3583 496 3648; x_wconf 82' lang='lat' dir='ltr'>tandem</span> <span class='ocrx_word' id='word_1_181' title='bbox 507 3581 665 3679; x_wconf 88' lang='lat' dir='ltr'>vocabulo</span> <span class='ocrx_word' id='word_1_182' title='bbox 683 3595 714 3646; x_wconf 90' lang='lat' dir='ltr'>et</span> <span class='ocrx_word' id='word_1_183' title='bbox 724 3575 866 3648; x_wconf 85' lang='lat' dir='ltr'>crebrius</span> <span class='ocrx_word' id='word_1_184' title='bbox 878 3582 1079 3661; x_wconf 86' lang='lat' dir='ltr'>etlubentius</span> <span class='ocrx_word' id='word_1_185' title='bbox 1098 3584 1230 3669; x_wconf 87' lang='lat' dir='ltr'>utimur,</span> 
     </span>
     <span class='ocr_line' id='line_1_28' title="bbox 299 3697 1211 3787; baseline 0 -17"><span class='ocrx_word' id='word_1_186' title='bbox 299 3718 392 3783; x_wconf 82' lang='lat' dir='ltr'>quam</span> <span class='ocrx_word' id='word_1_187' title='bbox 411 3700 520 3767; x_wconf 88' lang='lat' dir='ltr'>eodem</span> <span class='ocrx_word' id='word_1_188' title='bbox 542 3697 598 3763; x_wconf 88' lang='lat' dir='ltr'>illo</span> <span class='ocrx_word' id='word_1_189' title='bbox 617 3712 729 3764; x_wconf 90' lang='lat' dir='ltr'>nostro</span> <span class='ocrx_word' id='word_1_190' title='bbox 750 3700 1155 3787; x_wconf 75' lang='lat' dir='ltr'>naarheidsliefde?</span> <span class='ocrx_word' id='word_1_191' title='bbox 1176 3706 1211 3750; x_wconf 65' lang='grc' dir='ltr'>ω</span> 
     </span>
    </p>
   </div>
   <div class='ocr_carea' id='block_1_5' title="bbox 319 3819 1296 4280">
    <p class='ocr_par' dir='ltr' id='par_1_5' title="bbox 1147 3819 1232 3921">
     <span class='ocr_line' id='line_1_29' title="bbox 1147 3819 1232 3921; baseline 0 -34"><span class='ocrx_word' id='word_1_192' title='bbox 1147 3819 1232 3921; x_wconf 63' lang='lat' dir='ltr'>Foll-</span> 
     </span>
    </p>

    <p class='ocr_par' dir='ltr' id='par_1_6' title="bbox 334 3986 1232 4069">
     <span class='ocr_line' id='line_1_30' title="bbox 334 3986 1232 4069; baseline -0.009 -19"><span class='ocrx_word' id='word_1_193' title='bbox 334 3996 377 4066; x_wconf 79' lang='grc' dir='ltr'>(ι)</span> <span class='ocrx_word' id='word_1_194' title='bbox 396 3997 437 4050; x_wconf 74' lang='lat' dir='ltr'>ux</span> <span class='ocrx_word' id='word_1_195' title='bbox 464 3997 561 4067; x_wconf 63' lang='lat' dir='ltr'>ungu·</span> <span class='ocrx_word' id='word_1_196' title='bbox 583 3997 632 4066; x_wconf 75' lang='lat' dir='ltr'>qur</span> <span class='ocrx_word' id='word_1_197' title='bbox 648 3995 714 4050; x_wconf 67' lang='lat' dir='ltr'>rm</span> <span class='ocrx_word' id='word_1_198' title='bbox 731 4013 825 4052; x_wconf 63' lang='lat' dir='ltr'>amr·</span> <span class='ocrx_word' id='word_1_199' title='bbox 841 3998 1000 4069; x_wconf 62' lang='lat' dir='ltr'>nugonem</span> <span class='ocrx_word' id='word_1_200' title='bbox 1014 3986 1120 4065; x_wconf 66' lang='lat' dir='ltr'>ieme,</span> <span class='ocrx_word' id='word_1_201' title='bbox 1140 3996 1232 4055; x_wconf 64' lang='lat' dir='ltr'>osu.</span> 
     </span>
    </p>

    <p class='ocr_par' dir='ltr' id='par_1_7' title="bbox 319 4103 1296 4280">
     <span class='ocr_line' id='line_1_31' title="bbox 319 4103 1296 4181; baseline -0.001 -13"><span class='ocrx_word' id='word_1_202' title='bbox 319 4124 378 4168; x_wconf 71' lang='lat' dir='ltr'>em</span> <span class='ocrx_word' id='word_1_203' title='bbox 397 4109 534 4164; x_wconf 70' lang='lat' dir='ltr'>aleaume</span> <span class='ocrx_word' id='word_1_204' title='bbox 555 4110 723 4178; x_wconf 80' lang='lat' dir='ltr'>praesertim·</span> <span class='ocrx_word' id='word_1_205' title='bbox 758 4105 829 4166; x_wconf 73' lang='lat' dir='ltr'>Nam</span> <span class='ocrx_word' id='word_1_206' title='bbox 845 4107 927 4180; x_wconf 63' lang='lat' dir='ltr'>udo,</span> <span class='ocrx_word' id='word_1_207' title='bbox 945 4106 1016 4162; x_wconf 76' lang='lat' dir='ltr'>und·</span> <span class='ocrx_word' id='word_1_208' title='bbox 1033 4107 1152 4180; x_wconf 66' lang='grc' dir='ltr'>μιΗνι</span> <span class='ocrx_word' id='word_1_209' title='bbox 1174 4103 1233 4176; x_wconf 62' lang='grc' dir='ltr'>Μ·</span> <span class='ocrx_word' id='word_1_210' title='bbox 1292 4173 1296 4181; x_wconf 26' lang='lat' dir='ltr'><em>r</em></span> 
     </span>
     <span class='ocr_line' id='line_1_32' title="bbox 1063 4211 1231 4280; baseline 0 -59"><span class='ocrx_word' id='word_1_211' title='bbox 1063 4213 1066 4221; x_wconf 88' lang='lat'><em>.</em></span> <span class='ocrx_word' id='word_1_212' title='bbox 1183 4211 1231 4280; x_wconf 41' lang='grc' dir='ltr'>ὴ.</span> 
     </span>
    </p>
   </div>
   <div class='ocr_carea' id='block_1_6' title="bbox 0 0 1542 5220">
    <p class='ocr_par' dir='ltr' id='par_1_8' title="bbox 0 0 1542 5220">
     <span class='ocr_line' id='line_1_33' title="bbox 0 0 1542 5220; baseline 0 0"><span class='ocrx_word' id='word_1_213' title='bbox 0 0 1542 5220; x_wconf 95' lang='lat' dir='ltr'> </span> 
     </span>
    </p>
   </div>
  </div>
 </body>
</html>
