2992 5220
324 919 453 986 Fontem
474 920 711 1007 indagavimus,
733 926 813 992 duce
831 926 981 1007 Platone,
1003 943 1035 993 et
1059 928 1093 994 ni
1122 928 1217 998 fallor
1325 1002 1328 1009 ,

278 1036 469 1119 reperimus,
491 1038 679 1122 cognitionis
699 1055 836 1106 nostrae.
882 1040 1076 1128 Quaerentcs
1105 1030 1215 1125 enim,

279 1151 360 1238 qut'd
375 1156 416 1220 sit
436 1153 571 1235 discere,
600 1155 726 1219 insitum
754 1170 882 1222 naturae
908 1157 1060 1225 humanae
1080 1158 1217 1226 attendi·

278 1286 349 1334 mus
375 1270 586 1352 cognoscendi
618 1271 755 1337 studium
791 1271 923 1353 verique
950 1291 1106 1356 amorem,
1147 1295 1214 1357 quo

276 1384 392 1467 homo,
424 1384 570 1452 sensibus
595 1387 795 1470 admonitus,
828 1387 859 1452 in
884 1387 994 1472 primis
1018 1389 1117 1471 visu,
1144 1391 1215 1474 ipse

277 1519 335 1584 per
362 1519 400 1573 se
422 1500 460 1567 ad
489 1501 588 1586 pulcri
618 1502 777 1584 primum,
805 1515 871 1567 tum
903 1501 1050 1569 universe
1077 1503 1116 1568 nd
1145 1502 1214 1569 veri

275 1619 486 1706 cognitionem
511 1619 674 1701 procedit,
709 1619 875 1702 patuitque
904 1618 1022 1701 nobis,
1056 1637 1137 1702 quse
1169 1619 1212 1685 sit

280 1749 314 1801 et
344 1749 460 1816 quanta
480 1736 524 1814 {ad
557 1736 640 1802 hunc
664 1735 911 1801 inflammandum
947 1752 1083 1802 amorem
1112 1734 1214 1821 pulcri

277 1851 379 1919 viset
402 1851 574 1919 efficacitas.
619 1853 696 1917 Non
726 1852 925 1918 attenderunt
947 1853 1021 1920 haec
1044 1853 1160 1920 veteris
1182 1867 1215 1922 ct

276 1970 482 2051 recentioris,
516 1969 689 2054 superioris
711 1969 851 2052 inprimis
871 1970 985 2036 soeculi
1005 1969 1211 2053 philosophi,

173 2072 176 2083 ’
277 2074 334 2171 qni
357 2106 468 2154 sensus
488 2087 632 2170 corporis
653 2085 888 2170 diligentissime
906 2087 1127 2171 explorantes,
1150 2100 1209 2166 ut,

279 2223 360 2286 quac
381 2219 412 2270 et
441 2224 501 2286 qua
531 2205 649 2268 ratione
679 2201 800 2286 singula
828 2202 1021 2269 extrinsecus
1042 2201 1145 2269 animo
1163 2199 1212 2267 af·

277 2320 418 2403 ferrent,
441 2333 598 2386 constaret
619 2319 809 2402 aliquando,
832 2320 872 2384 de
894 2318 966 2401 ipso
989 2317 1118 2399 anim0,
1146 2336 1213 2384 cer·

277 2452 310 2506 tc
330 2440 369 2506 de
397 2438 499 2504 Insitis
531 2437 560 2504 ei
591 2435 704 2502 studiis
735 2451 766 2501 et
789 2434 990 2501 facultatibus
1014 2433 1068 2500 vix
1095 2435 1214 2516 cogito·

276 2572 362 2623 runt.
405 2555 560 2639 Apprime
580 2555 610 2620 in
634 2555 695 2620 hos
715 2553 888 2634 convenit,
911 2554 1008 2635 qu0d=
1027 2553 1070 2618 ait
1096 2553 1206 2619 Platot

276 2676 367 2742 δεινὸν
392 2678 454 2755 γάρ
480 2699 559 2751 nov,
591 2677 617 2740 εἰ
642 2675 758 2739 nonnnl
782 2698 860 2744 estse
888 2674 918 2737 ἐν
949 2675 1042 2751 ἡμῖν,
1064 2671 1160 2754 ὥσπερ
1180 2675 1212 2740 ἕν

166 2814 169 2819 ’
278 2793 410 2874 δουρεθας
429 2788 549 2867 ἵπποις,
580 2787 730 2864 αἰσθήσεις
762 2788 967 2864 trudennes,
994 2788 1082 2854 ἄλλα
1103 2789 1146 2867 μὴ
1166 2790 1209 2863 εἷς

277 2909 351 2990 plen
371 2910 438 2976 τινα
458 2908 559 2980 ἰδέαν,
581 2904 642 2972 εἴτε
660 2906 765 2986 ψυχὴν
783 2904 843 2971 εἷσε
860 2898 875 2969 ὃ
893 2906 940 2970 δεῖ
953 2913 1082 2980 καλεῖν,
1103 2903 1208 2972 πάντα

278 3032 381 3094 ταῦτα
401 3024 563 3104 kunneina,
591 3021 609 3103 ἦ
641 3024 704 3088 διὰ
731 3021 889 3087 τούτων
918 3017 997 3086 οἷον
1027 3021 1208 3102 &proluere
1312 3053 1315 3061 ·

277 3141 564 3220 αθσθάνθμεθα
593 3136 671 3206 ὅσα
700 3137 900 3212 αἰσθητά.
949 3132 1211 3201 Misenumnam

273 3271 373 3338 esset,
396 3259 423 3322 si
441 3256 534 3321 multi
555 3255 638 3321 nobis
660 3273 783 3333 sensus,
818 3247 1070 3340 quemadmodum
1102 3250 1211 3337 ligneis

276 3370 386 3459 equis,
408 3369 600 3462 insiderent,
631 3390 692 3435 non
719 3387 792 3435 nero
822 3369 897 3432 hnec
927 3367 1030 3432 omnt‘a
1058 3369 1095 3431 t‘n
1115 3385 1211 3432 onom

1115 3482 1212 3571 quod·

277 3677 370 3746 θαμα,
391 3676 529 3747 μάθησις,
550 3676 697 3746 μαθητὴς,
717 3674 828 3741 proprie
844 3679 921 3724 nolet
943 3675 1041 3742 cupio,
1061 3672 1209 3728 desidero,

270 3793 355 3843 ωηο,
381 3775 436 3826 imo
463 3790 530 3828 vcro
558 3777 645 3853 ipsum
663 3782 703 3825 esi
720 3774 802 3824 hocce
821 3771 982 3822 Latinorum
1010 3784 1115 3828 amo,
1135 3746 1209 3832 quod

272 3874 443 3942 transponitis
459 3874 546 3925 literis
564 3875 626 3924 inde
644 3873 790 3923 formatum
809 3879 858 3920 est.
895 3869 958 3919 Non
987 3866 1125 3916 latuerunt
1146 3863 1211 3916 hoec

267 3973 384 4044 -qnlrlem
412 3973 603 4042 Elymologos,
632 3972 679 4024 ned
701 3970 824 4037 inprimis
852 3965 1003 4019 adhibenda
1018 3963 1209 4034 philosophiae

274 4072 410 4136 ridentur.
455 4110 460 4123 .
