2992 5220
658 438 862 540 ..ἐμῷ

278 637 391 703 sb'luis
408 637 608 722 imperatores
635 658 670 704 nc
697 636 798 704 mmm
825 638 1021 721 ‘publicarum
1045 643 1203 726 principes

277 754 492 822 exstiterunt:-
512 770 549 821 ut
576 755 614 819 ad
641 754 761 821 minora
771 764 780 795 ²
791 757 935 840 veniam,
972 758 1201 841 mothemntici,

274 877 406 956 truitae,
422 872 554 956 musici,
577 872 688 938 modici
713 872 861 955 'denique
876 895 914 942 ex
946 875 1027 957 hac,
1046 850 1203 959 tamquam

274 1006 311 1056 eu
337 988 477 1057 omniurn
492 988 616 1055 ‘artium
638 988 776 1071 officina,
797 989 932 1074 profecti
951 1006 1038 1059 sunt.
1061 986 1093 1036 ‘¹'

279 1107 424 1188 ³·Atque
450 1106 492 1171 ita
518 1106 644 1187 quidem
684 1092 723 1173 eo
757 1126 807 1174 me
836 1109 924 1176 ducit
953 1125 1070 1193 sponte
1105 1111 1203 1180 oratio

274 1240 364 1304 mee,
377 1230 442 1304 ut,
464 1225 550 1307 quod
573 1225 691 1291 dudum
718 1244 789 1292 sum
812 1225 851 1291 de
874 1227 931 1292 hnc
953 1228 1020 1293 sive
1047 1227 1204 1293 doctrina·

273 1344 342 1409 rum
366 1341 571 1426 cognatione,
616 1341 683 1407 sive
714 1345 969 1426 ipavntonmielp
997 1340 1203 1424 suspicatus,

253 1434 345 1535 ,oiim
368 1457 539 1526 lectoribus
560 1455 798 1521 communicem.
842 1455 903 1521 Vel
933 1473 992 1539 ego
1020 1455 1131 1539 fallor,
1153 1461 1204 1526 vel

274 1576 415 1658 estipsn
439 1570 578 1641 Platonis
601 1570 825 1654 philosophia,
846 1571 894 1636 uti
914 1572 1057 1655 procedit
1080 1570 1113 1641 in
1134 1577 1202 1661 ejus

274 1689 402 1771 scriptis
432 1701 528 1770 atque
545 1708 562 1754 a
581 1687 674 1753 nobis
696 1689 757 1752 hoc
786 1688 896 1755 ordine
920 1690 1068 1772 explicari
1092 1707 1204 1777 coepta

274 1819 324 1873 ast
360 1823 523 1890 porroque
561 1803 792 1890 explicabitur,
835 1805 868 1872 id
900 1805 1004 1888 ipsum
1044 1807 1095 1873 illa
1130 1822 1204 1889 est,

274 1924 361 2008 quod
388 1922 588 2006 quaerimus,
622 1926 784 1992 uerissima
818 1922 1061 2014 onopaiopaodia.
1127 1926 1205 1994 Non

274 2044 424 2108 mentoris
446 2039 518 2121 ille,
547 2053 584 2105 ut
606 2041 714 2120 Baco,
743 2044 946 2133 memoriam,
974 2043 1204 2129 phantasiam,

274 2160 454 2240 rationem,
477 2156 632 2239 equibus
659 2156 712 2222 hic
729 2158 852 2224 'mentis
879 2156 1079 2224 facultatibus
1112 2163 1207 2225 histo·

275 2276 360 2342 riam
386 2274 546 2360 primum,
577 2275 688 2341 deiude
715 2288 802 2337 artes
835 2274 1057 2356 elegantiores,
1089 2274 1206 2355 praeci·

275 2397 487 2482 pue'poisin,
519 2406 585 2454 turn
606 2385 829 2475 philosophiam
851 2387 963 2452 duxit:
994 2390 1078 2455 unde
1108 2390 1206 2458 arbor

274 2509 382 2577 neseio
414 2522 495 2586 quae
521 2507 722 2570 scientiarum
743 2505 979 2588 humanatam,
1007 2525 1086 2589 quae
1113 2526 1206 2577 vocs·

277 2638 348 2703 tur,
368 2619 513 2687 confecta¹
532 2634 659 2704 atquea
685 2621 880 2689 Condillncio
897 2623 1004 2690 multis
1020 2624 1112 2690 rumis
1134 2644 1207 2692 nuc·

276 2746 310 2807 ts
328 2753 387 2810 est.
428 2739 505 2804 Non
526 2739 570 2804 ita
594 2740 706 2821 Plato;
729 2741 785 2805 sed
811 2742 898 2825 egit,
920 2756 957 2805 ut
986 2740 1145 2821 vidimus,
1166 2742 1207 2807 de

271 2859 385 2953 paicro
404 2858 555 2923 continuo
576 2875 611 2921 nc
629 2856 667 2923 de
686 2855 788 2939 pulcri
810 2874 906 2921 sensu
928 2855 1118 2938 studioque,
1142 2875 1206 2938 quo

278 2978 412 3066 primurn
438 2976 610 3062 explicatur
630 2971 789 3059 ingenium
816 2970 974 3039 hominis:
1006 2972 1207 3039 effloruerunt

279 3114 381 3166 sutem
412 3096 483 3163 inde
512 3095 544 3160 in
568 3087 785 3178 ejus'scriptis
811 3087 1013 3170 pulcerrimis
1045 3089 1084 3156 de
1109 3089 1207 3156 musi·

279 3234 338 3296 on,
360 3214 449 3295 poesi
470 3209 663 3291 caeterisque
683 3204 803 3272 artibus
825 3206 1065 3288 elegantioribus
1086 3207 1208 3290 disqui-

279 3329 424 3399 sitiones.
469 3327 499 3393 Α
527 3326 637 3408 pulcro
669 3322 799 3405 deinde,
832 3323 963 3390 utitem
991 3326 1053 3410 jam
1074 3323 1210 3388 animad-

279 3444 454 3523 uertimus,
486 3442 523 3508 nd
550 3461 656 3510 saram
686 3439 865 3525 processit,
895 3437 1146 3517 monstravitque
1175 3434 1207 3501 in

236 3554 241 3565 ’
280 3560 446 3634 dialecticis
471 3558 629 3647 dialogis,
653 3558 768 3642 quibus
794 3557 930 3633 studiis,
953 3549 1069 3630 qulbus
1094 3553 1207 3618 mentis

279 3680 501 3761 facultatibus,
523 3678 640 3762 quibus
665 3673 862 3758 disciplinis,
886 3686 948 3750 qua
977 3665 1119 3750 inprimis
1143 3690 1207 3736 me·

280 3796 380 3868 nodo
409 3799 448 3864 nd
474 3812 582 3863 verum
605 3794 649 3860 sit
674 3787 930 3874 perveniendum.
985 3784 1210 3853 Successerunt

1159 3900 1209 3966 his

315 4050 362 4124 (ι)
377 4042 488 4103 (ΞΜ.
508 4041 568 4096 rin.
585 4045 623 4104 v.
640 4045 666 4095 3.
