2992 5220
508 501 702 567 ...ιη-

124 686 197 736 cnm
222 678 336 736 nosmet
364 667 465 752 ipsos,
485 677 553 732 tum
575 682 655 734 natu
683 669 823 736 minimos
848 690 865 735 e
886 669 968 739 robis
986 692 1056 738 ror·

126 789 247 874 rumpit
255 829 277 866 ,-
303 787 415 871 quippo
447 782 599 865 secando,
650 783 795 866 urendo,
836 786 1051 868 attenuando,

124 899 301 987 suffocando
329 900 447 988 officit,
493 915 529 966 nt
560 923 620 987 qao
644 905 713 989 quis
752 923 782 968 se
806 916 932 982 vertat,
973 896 1054 988 quid

124 1017 327 1108 respondeat,
361 1021 502 1084 nesciat:
523 1031 591 1082 tum
614 1036 686 1085 nero
705 1037 830 1084 amaros
848 1018 978 1106 praebet
994 1037 1052 1107 po·

124 1151 200 1204 tus:
231 1137 461 1201 esuriremus
494 1136 585 1200 sitire
614 1140 720 1220 cogit:
750 1155 834 1213 non,
858 1139 976 1222 prouti,
997 1156 1051 1219 rgo

123 1251 227 1317 multa
256 1248 339 1319 robis
366 1251 479 1314 sunnia
503 1263 534 1314 rt
560 1254 656 1317 naria
680 1250 855 1339 praebens,
882 1269 974 1339 pasco
998 1273 1051 1320 vos

120 1381 152 1432 or
178 1365 301 1433 oblecto.
347 1365 433 1451 Quid
459 1379 551 1447 putas
579 1367 756 1449 medicum,
785 1369 834 1433 his
857 1370 1051 1435 circumven-

121 1494 189 1551 tum
216 1481 387 1565 periculis,
408 1482 565 1549 dictinum
588 1485 685 1550 esse?
708 1485 864 1566 Diceme,
886 1488 974 1568 quod
996 1505 1050 1553 ve.-

120 1611 283 1665 rumestr
305 1598 381 1663 haro
394 1618 448 1683 ego
473 1601 576 1664 omnia
599 1599 703 1681 nobis,
713 1604 829 1687 pueri,
851 1618 886 1668 nt
905 1603 1048 1686 salutisa·

119 1734 182 1797 ra,
203 1712 362 1782 adhibui?
383 1714 429 1779 At
457 1732 534 1781 vero
563 1730 715 1798 quantum
734 1730 827 1800 putas
854 1718 975 1802 judices
1004 1718 1049 1784 is·

117 1842 171 1895 tos
216 1829 436 1895 reclamaturos
464 1846 554 1910 esse,
598 1848 704 1896 nonne
738 1833 962 1902 vehementer?
1000 1867 1049 1890 ···

116 1942 327 2010 Vehementer
354 1959 440 2008 sane.
473 1979 518 1995 -
549 1941 668 2010 Nonne
696 1943 793 2028 igitur
822 1965 891 2012 eum
926 1964 1045 2032 putas,

115 2058 149 2125 in
176 2077 296 2126 summa
315 2057 523 2141 trepidatione
549 2057 740 2140 consiliique
769 2059 898 2143 inopia,
921 2081 987 2143 quo
1008 2081 1046 2132 se

112 2175 210 2244 modo
249 2173 413 2255 defmdat,
444 2193 509 2240 non
539 2190 735 2258 reperturum
762 2177 859 2244 esse?
892 2209 939 2231 ι·-
969 2177 1046 2246 Om-

114 2287 283 2361 1111]οὲ-
310 2291 395 2357 Idem
425 2309 501 2358 vero
527 2290 626 2371 mihi,
649 2291 738 2372 scio,
770 2292 798 2357 si
832 2295 864 2358 in
892 2294 1044 2378 judicium

116 2410 276 2489 traherer,
304 2404 455 2473 eveniret.
501 2405 584 2471 Nam
622 2406 827 2488 voluptates,
860 2427 938 2489 ques
959 2411 1044 2493 iudi.

74 2606 79 2615 ‚
111 2524 203 2594 cibus
220 2523 453 2609 praebuissem,
475 2541 618 2606 quasque
637 2522 682 2587 illi
704 2520 855 2591 beneficia
877 2523 1043 2592 utilitates·

114 2660 179 2725 que
204 2654 340 2723 vocant,
362 2656 603 2706 commemorare
622 2657 687 2705 non
706 2657 852 2722 possent
886 2658 947 2726 ego
964 2643 1041 2709 adeo

110 2775 168 2826 nec
203 2759 259 2841 qui
290 2756 441 2842 praebent
466 2755 533 2822 illas
564 2755 679 2837 laudo,
707 2774 766 2823 nec
804 2756 919 2841 quibus
955 2779 1045 2843 prae·

111 2875 237 2943 nentur.
282 2872 406 2961 Quodsi
428 2871 500 2954 quis
517 2875 569 2939 vel
592 2872 733 2958 juniores
760 2892 811 2940 me
838 2874 952 2940 diceret
972 2895 1043 2941 cor·

110 3011 276 3077 rumpere,
309 2992 348 3057 ad
384 2991 542 3073 angustias
573 3008 629 3056 eos
668 2990 880 3070 colloquendo
916 2990 1070 3072 adipem.

110 3123 193 3191 tem,
226 3111 278 3177 vel
307 3108 447 3175 senIores
478 3108 728 3192 reprehendere,
750 3107 892 3174 acerbius
922 3106 1039 3175 ineos

110 3226 178 3293 sive
204 3225 351 3310 privatim
380 3225 450 3291 sive
467 3225 594 3307 publice
619 3225 798 3302 dicentem,
820 3244 861 3291 ne
879 3227 930 3291 hlc
950 3227 1040 3293 etiam

109 3339 208 3421 mihi,
242 3340 329 3423 quod
358 3357 467 3405 verum
498 3354 567 3417 est,
599 3338 700 3403 dicere
730 3339 857 3402 licebit:
889 3360 942 3423 ego
964 3342 1039 3404 haec

109 3459 214 3526 omnia
233 3458 345 3540 juste,
368 3449 515 3540 judicos,
547 3468 578 3519 rt
609 3452 676 3519 dico
710 3467 741 3518 et
781 3471 864 3538 ago,
901 3468 1038 3520 oestrum

107 3577 143 3642 in
161 3573 209 3640 ln
226 3567 441 3650 commodum,
464 3591 524 3636 non
545 3567 639 3635 aliud
659 3574 835 3657 respitiens.
880 3570 1041 3656 Quamob-

111 3710 175 3762 rem
207 3689 290 3757 haud
322 3687 392 3754 sine
419 3706 553 3769 caussa,
579 3686 737 3771 quicquid
764 3685 831 3753 fors
862 3689 985 3767 tulerit,
1011 3694 1040 3755 iu

109 3805 220 3894 potin.
264 3805 327 3874 Hic
355 3804 528 3885 Callicles,
559 3803 726 3870 videturne
745 3823 820 3869 vero
842 3804 921 3884 tibi,
945 3808 1038 3872 oso-

107 3938 233 4007 crates,
255 3923 335 3993 bene
354 3942 390 3991 se
420 3921 533 3991 habere
551 3923 584 3988 in
610 3921 737 3988 civitate
767 3923 884 4002 homo,
919 3923 973 4004 qui
1001 3928 1027 3990 si
1088 3992 1091 3999 ,

109 4039 209 4110 blmet
233 4038 302 4122 ipse
326 4059 398 4110 esse
430 4055 558 4135 praesto
590 4039 730 4124 nequit?
775 4038 839 4109 Cui
871 4036 1041 4121 Socrates,

556 4155 589 4222 H
976 4173 1043 4225 no·
