2992 5220
823 453 996 536 *56*
1080 459 1085 466 ·

451 631 564 709 trices,
589 631 707 716 quippe
726 646 827 697 castae
846 651 1052 713 secuteque,
1076 649 1217 698 verentes
1239 631 1374 708 scillcet,

452 763 493 810 ne
517 763 574 827 per
602 746 680 810 hanc
705 763 799 812 artent
833 746 865 810 in
901 747 1045 811 lenocinii
1072 747 1262 830 vitup-rium
1300 748 1378 811 inci·

451 861 542 931 dunt:
567 880 752 942 quamquam
781 861 1028 967 obstetricibus²
1062 883 1141 944 quae
1171 883 1243 930 vere
1268 863 1379 929 dicun·

449 990 522 1057 tur,
555 977 632 1042 solis
658 979 730 1047 item
752 980 900 1044 convenit
927 999 1024 1045 mares
1048 979 1265 1064 foeminasque
1294 996 1379 1046 tecte

448 1094 568 1178 jugare.
590 1133 633 1149 --
653 1095 753 1160 Patet.
775 1130 822 1146 -
850 1096 1063 1163 Obstetricum
1091 1100 1188 1183 igitur
1217 1100 1377 1183 negotium

449 1223 569 1275 tantum
599 1225 668 1291 est;
690 1210 792 1277 minus
812 1230 910 1291 veto,
933 1233 1025 1293 quarn
1047 1233 1162 1279 meum.
1207 1217 1289 1280 Nam
1309 1236 1379 1280 mu·

450 1324 577 1393 lieribus
599 1345 662 1389 noa
680 1326 814 1408 accidit,
836 1341 872 1392 ut
896 1329 1030 1394 subinde
1052 1330 1211 1395 sirnulacm
1236 1333 1378 1415 pariant,

451 1461 684 1525 nonnumquam
712 1461 809 1523 vera,
831 1443 937 1525 sitque
952 1443 1088 1510 difficile
1112 1446 1185 1510 haec
1212 1447 1376 1532 dignosce·

450 1577 506 1626 re:
539 1562 626 1641 quod
655 1560 875 1639 stacederet,
910 1561 1073 1629 marimum
1095 1565 1377 1647 pulcerrimurnque

452 1676 657 1743 obstetricum
683 1696 796 1742 munus
825 1692 934 1759 esset,
952 1697 1073 1744 rerum
1107 1701 1123 1744 a
1154 1680 1233 1748 falso
1263 1682 1377 1746 discer-
1448 1718 1454 1724 -

450 1791 556 1859 nendi.
613 1792 666 1857 Tu
692 1813 768 1859 vero
803 1794 879 1875 quid
911 1796 1038 1860 sentis?
1065 1830 1111 1848 -
1140 1797 1225 1862 Idem
1251 1797 1378 1879 profec-

450 1923 497 1977 to·
535 1946 581 1962 -
615 1909 709 1977 Meae
741 1926 842 1976 autem
882 1912 941 1975 arti
977 1927 1095 1976 caeteta
1129 1914 1256 1995 propria
1282 1929 1375 1995 stmt,

448 2046 528 2109 quae
553 2028 698 2111 illarum3
735 2028 840 2095 differt
869 2047 967 2110 vero,
1000 2030 1087 2110 quod
1113 2030 1277 2110 maribus,
1310 2049 1375 2095 non

447 2145 593 2212 foemiuis
627 2146 870 2228 parturientibus
902 2146 1073 2224 succurrit,
1097 2159 1164 2208 tum
1189 2143 1280 2209 etiam
1310 2145 1376 2208 ani-

447 2282 517 2328 mos
545 2272 665 2347 spectat
693 2262 899 2345 parientium,
933 2279 996 2325 non
1023 2279 1174 2342 corpora3
1207 2260 1373 2324 maximum
1414 2340 1418 2351 Ι

447 2393 550 2445 autem
581 2379 640 2443 hoc
672 2378 754 2442 inest
787 2377 978 2457 dirimere,
1010 2396 1108 2459 posse
1137 2374 1281 2442 videlicet
1306 2376 1375 2443 dili·

398 2567 403 2575 ,
445 2497 554 2580 genter
592 2498 752 2578 explorare
791 2492 877 2558 omui
909 2494 1025 2573 modo,
1069 2493 1308 2559 simulacrumne
1343 2509 1376 2560 et

445 2611 585 2691 falsum,
631 2631 669 2676 an
705 2611 842 2675 nativum
879 2624 910 2674 ct
940 2628 1049 2674 uerum
1078 2611 1220 2690 quiddam
1250 2609 1374 2694 Juveuis

444 2727 566 2817 animus
592 2725 701 2808 pariat.
763 2728 930 2790 Caeterum
962 2725 993 2788 id
1024 2726 1099 2790 milri
1132 2726 1243 2804 etiarn,
1288 2726 1375 2805 quod

446 2840 693 2920 obstetricibus,
716 2855 787 2906 est:
812 2860 876 2905 non
893 2841 980 2922 patio
999 2841 1197 2922 sapientiam:
1223 2841 1374 2923 quodque

443 2960 627 3045 objecerunt
658 2958 734 3022 mihi
767 2958 879 3036 multi,
907 2957 985 3022 alios
1008 2976 1058 3022 me
1088 2957 1301 3040 interrogare,
1326 2958 1374 3040 ip·

370 3130 379 3144 ,
443 3095 515 3140 sunt
543 3094 620 3140 vcro
651 3075 690 3140 de
718 3075 803 3138 nulla
831 3092 865 3138 re
893 3075 1102 3155 respondere,
1126 3073 1199 3154 quia
1220 3074 1373 3153 nihilho-

443 3192 504 3257 beo
535 3193 620 3272 quod
653 3190 807 3272 sapienter
835 3189 1037 3271 respondeam
1052 3237 1064 3270 ‚
1082 3167 1092 3170 ’
1107 3206 1181 3254 vere
1219 3189 1374 3274 objiciunt

442 3310 500 3383 illi.
565 3310 685 3380 Caussa
714 3322 815 3372 autem
839 3306 884 3370 rei
914 3306 986 3371 haec
1017 3322 1086 3371 est:
1128 3306 1373 3397 parturientibus

442 3445 623 3500 succurrere
654 3427 742 3492 Deus
779 3442 827 3489 me
859 3423 968 3508 cogit,
1013 3441 1159 3509 generare
1185 3424 1370 3511 prohibuit:

441 3562 510 3608 sum
536 3545 605 3626 ipsc
630 3544 752 3622 quidem
777 3560 841 3613 non
868 3560 1054 3626 magnopere
1073 3540 1220 3623 sapiens:
1244 3561 1302 3609 uec
1325 3526 1398 3624 eth·

432 3657 518 3734 turibi
545 3659 642 3720 ullum
669 3659 829 3723 inventum
863 3658 1007 3739 sapiens,
1030 3676 1068 3723 ex
1096 3658 1197 3724 animo
1225 3677 1296 3725 meo
1320 3677 1373 3728 nt·

440 3787 530 3850 tutn3
555 3773 610 3852 qui
633 3792 708 3838 vero
737 3774 964 3852 colloquuntur
982 3791 1121 3854 mecum,
1144 3775 1276 3857 primum
1301 3771 1372 3852 qui-

435 3887 509 3958 dem
535 3887 709 3966 uidentur,
731 3888 874 3952 nonnulli
905 3906 969 3952 nou
998 3890 1153 3971 solertes,
1172 3891 1208 3938 (¹)
1229 3887 1280 3955 alii
1302 3905 1373 3970 pet·

1299 4023 1369 4070 [lam

478 4112 520 4185 (a)
550 4114 577 4181 οἱ
597 4108 631 4179 δέ
650 4132 697 4187 μοι
723 4112 939 4187 συγγιγνόμενοι
964 4116 996 4177 el
1025 4121 1076 4188 μὲν
1111 4117 1217 4188 sporn
1253 4024 1372 4189 Φῖίνου·

1297 4226 1371 4286 W,
