2992 5220
510 465 686 526 „97-

132 645 224 709 quarn
252 623 382 689 maxime
404 642 475 689 cum
505 626 675 705 Socrates,
708 638 773 689 tum
790 622 971 706 praesertim
990 624 1058 689 Pla·

131 756 164 804 ro
183 739 363 821 probaverit
387 739 619 822 eloquentiam,
654 740 914 823 perspiceremus.
960 737 1057 822 Quod

129 873 223 935 sane,
256 856 317 921 nisi
347 857 504 923 Socratica
533 861 696 939 perspecta
724 857 889 941 disciplina
922 855 1055 940 intelligi

127 989 193 1036 nou
219 985 347 1053 potest:
372 986 478 1054 patere
494 987 597 1038 aurern
619 992 657 1038 eo
678 974 874 1040 manifestius
904 975 1052 1056 videtur,

128 1104 193 1167 quo
213 1086 311 1170 ipsam
333 1091 414 1170 apud
436 1089 577 1155 Graecos
600 1090 798 1172 eloquentiae
818 1091 978 1156 historiam
999 1111 1070 1186 εκ·Ι

127 1205 353 1288 ploraverimus
380 1204 573 1288 diligentius.
627 1207 689 1271 Sed
720 1207 790 1270 licet
815 1206 907 1270 nolis
936 1224 975 1271 ex
1003 1224 1053 1272 ea·
1124 1212 1129 1225 '

127 1322 197 1386 dean
218 1321 442 1405 'disputatione
480 1322 538 1387 alia
569 1324 642 1389 irem
674 1323 805 1413 efficere.
863 1323 1050 1406 Efficimus,

126 1437 203 1519 quid
233 1437 346 1505 Cicero
377 1441 586 1522 spectaverit,
627 1459 725 1523 quum
759 1459 829 1505 esse
851 1440 1053 1507 contenderet

123 1571 276 1621 oratorem
316 1555 513 1640 perfeetum,
561 1559 629 1622 sine
662 1557 767 1622 studio
805 1557 1051 1640 philosophiae,

123 1691 188 1738 non
211 1691 322 1755 posse:
348 1672 380 1716 (¹)
405 1673 572 1753 efficimus,
607 1674 683 1755 quid
710 1693 837 1740 caussae
868 1693 937 1740 esse
965 1693 1053 1757 prae·

121 1791 213 1873 cipue
246 1789 410 1866 videatur,
453 1804 511 1867 ut,
556 1791 664 1872 prouti
699 1791 929 1857 Demosthenes
965 1792 1050 1876 apud

124 1907 286 1983 Graecos,
317 1903 359 1967 ita
387 1905 469 1984 apud
498 1905 660 1968 Romanos
695 1906 775 1970 idern
813 1909 901 1972 hicce
934 1909 1048 1974 Cicero

121 2022 319 2105 eloquentiae
347 2020 554 2104 principatum
593 2019 777 2085 obtinuerit.
840 2021 903 2086 Est
928 2022 1049 2086 scilicet

123 2145 250 2207 omnino
274 2154 356 2206 arcta
378 2138 550 2221 quaedam,
572 2151 608 2201 ut
630 2136 682 2202 ille
698 2137 805 2218 vidit,
827 2137 1064 2222 philosophiae,

119 2274 151 2326 et
175 2259 372 2340 eloquentiae
403 2255 622 2321 necessitudo:
646 2254 716 2337 ipse
758 2268 860 2318 autern
892 2275 909 2319 a
936 2260 1046 2322 tenerit

119 2390 217 2441 aetate
245 2371 525 2456 praestantissimos
557 2370 694 2434 Athenis
721 2370 932 2452 philosophos
958 2373 1045 2437 audi·
1073 2363 1076 2369 ’

120 2504 228 2567 verat,
260 2503 292 2553 et
318 2505 419 2564 vero,
450 2485 532 2549 unde
557 2483 696 2549 fructum
725 2485 866 2567 percepit
895 2487 933 2549 ud
964 2487 1045 2553 bene

118 2606 282 2673 dicendum
321 2602 494 2667 uberiorem
524 2599 639 2680 etiam,
684 2605 837 2667 nocturni
869 2602 1044 2698 diurnaque

117 2744 209 2793 manu
235 2722 350 2805 scripta
381 2734 556 2784 versaverat
579 2719 736 2786 Platonis:
760 2720 876 2800 quibus
906 2720 951 2785 sic
972 2740 1044 2806 tap-

117 2858 169 2910 tus
199 2856 267 2918 est,
299 2856 335 2904 ut
366 2836 558 2905 Socraticum
587 2855 621 2901 se
645 2852 677 2901 et
705 2831 897 2902 Platonicum
932 2837 1054 2906 fatere.

113 2979 188 3041 tur,
211 2959 277 3038 sic,
310 2956 416 3022 iisdem
445 2952 601 3038 legendis,
636 2953 793 3018 Socratica
820 2969 851 3019 et
883 2938 1042 3021 Platonica

112 3075 318 3167 philosophiis
342 3073 480 3137 imbutus
511 3089 582 3151 est,
625 3086 683 3149 ut,
718 3070 746 3135 si
777 3071 848 3152 quis
881 3072 1041 3138 Romano-

111 3217 180 3263 rum
209 3194 310 3273 alius,
333 3191 402 3273 ipse
429 3188 521 3253 nobis
549 3188 695 3253 dicendus
717 3189 931 3253 Rornanorum
949 3191 1038 3256 Plato

110 3315 265 3378 videatur.
320 3305 473 3371 Huncin
500 3306 626 3366 modurn
654 3303 840 3380 institutus,
872 3305 921 3366 his
951 3306 1041 3383 quasi

111 3426 265 3495 alimentis
301 3433 410 3504 pastus
440 3435 472 3482 et
500 3418 746 3494 corroboratus,
794 3434 889 3495 quum
925 3416 1041 3485 inesset

110 3547 140 3613 ei
171 3541 282 3608 natura
319 3534 449 3600 facultas
488 3532 609 3598 dicendi
645 3530 832 3596 admirabilis
864 3534 1038 3616 quaedam,
1119 3553 1120 3557 ’

110 3675 258 3744 superare
283 3651 371 3717 facilc
398 3666 533 3716 caeteros
565 3651 724 3727 oratores,
769 3650 911 3730 quamvis
944 3651 1040 3719 diser·

109 3793 182 3857 tos,
205 3771 333 3858 potuit,
356 3767 471 3849 quibus
490 3766 557 3833 talis
581 3765 734 3832 del'uisset
751 3766 919 3833 institutio.
953 3769 1037 3852 Sed,

976 3905 1041 3970 qvo

147 4025 187 4100 (ι)
206 4023 264 4075 Cic.
283 4021 360 4075 Orat.
378 4039 402 4073 c.
420 4022 436 4072 3
453 4027 479 4072 et
496 4022 521 4074 4.

553 4119 586 4186 G
