2992 5220
807 440 982 505 ..αό-

431 618 535 685 tonica
558 618 709 687 videatur.
732 621 765 673 (Ρ)
806 620 950 701 Verum,
987 637 1053 703 quo
1084 620 1183 705 magis
1213 624 1353 706 ejusden

428 735 533 821 placiti
566 736 599 801 in
626 736 829 820 philosophia
856 750 958 820 pateat
987 736 1179 819 auctoritas,
1222 756 1354 821 quoque

427 871 487 935 uos
511 855 599 936 quod
629 855 846 937 suscepimus,
877 868 912 920 ut
941 854 1092 921 doctrinis
1127 857 1167 922 ed
1192 855 1351 922 civitatem

425 971 588 1055 tegmem
609 970 851 1037 informaremus-
872 974 1031 1057 iuvenes,
1053 972 1252 1056 perficiamus
1276 973 1354 1041 iaci·

426 1086 511 1166 lios,
533 1087 639 1167 paullo
661 1088 750 1171 juvat
779 1089 908 1156 uberius
929 1091 968 1155 de
988 1090 1173 1173 gravissimo
1188 1112 1351 1177 argumen-

423 1214 462 1265 to
486 1200 654 1283 inquirere.
837 1200 839 1209 '

560 1426 621 1493 De
649 1428 848 1492 communi
876 1429 1034 1489 arrium
1068 1442 1104 1490 er
1133 1423 1219 1491 doc·

444 1544 663 1609 uiuorum
680 1542 842 1608 uinculo
862 1556 902 1606 et
926 1544 1051 1627 quasi
1077 1543 1352 1627 cognationc.'

434 1826 437 1833 Ι
467 1748 563 1813 Artes
582 1760 615 1813 et
630 1745 790 1811 doctrinae
807 1765 872 1829 quo
889 1746 1067 1832 diligentius
1087 1751 1188 1816 cultae
1205 1764 1280 1815 sunt
1293 1769 1352 1828 ‚eo

422 1862 529 1948 plures
553 1861 719 1928 identidem
751 1863 962 1943 exstiterunt,
984 1866 1104 1949 quippe
1131 1865 1205 1930 aliae
1225 1885 1263 1932 ex
1282 1866 1350 1930 aliis

421 1956 531 2063 natae,
560 1997 665 2064 eoque
684 1993 759 2043 runt
794 1977 890 2065 magis
916 2000 933 2046 a
965 2000 1000 2047 se
1030 1982 1162 2048 invicem
1190 1982 1353 2049 distinctae

422 2112 664 2185 separataeque,
698 2109 734 2160 ut
770 2096 918 2178 tandem,
941 2116 1021 2180 quae
1049 2114 1135 2165 esset
1155 2118 1258 2165 earum
1285 2121 1355 2164 mu·

420 2192 475 2282 tua
504 2213 708 2300 conjunctio,
738 2214 845 2280 lateret
873 2217 989 2295 plane,
1024 2230 1224 2294 quaereretur
1250 2215 1352 2294 adeo,

420 2351 495 2401 num
516 2347 621 2410 esset,
644 2351 709 2411 qno
732 2328 993 2406 continerentur,
1017 2329 1188 2394 vinculum.
1233 2329 1352 2415 Quam·

426 2430 534 2517 obrem
565 2445 620 2508 ubi
653 2442 823 2524 scriptores
861 2440 1020 2525 legimus,
1062 2443 1117 2526 qui
1138 2463 1189 2511 eas
1218 2447 1354 2516 subinde

420 2571 722 2638 commemorarunt,
745 2558 794 2621 vel
821 2557 963 2624 homiues
984 2559 1075 2625 etiam
1095 2561 1134 2626 de
1151 2560 1190 2628 iis
1219 2565 1352 2646 loquem-

420 2695 470 2747 tes
492 2677 812 2757 audimus‚apparere
837 2694 945 2741 eorum
974 2677 1133 2760 plerisque
1149 2680 1295 2747 videntur
1315 2698 1351 2748 ut

421 2796 492 2864 viae
521 2793 692 2878 quaedam,
716 2810 845 2871 quarum
871 2792 948 2856 aliae
967 2792 1030 2856 sint
1055 2792 1121 2857 aliis
1144 2795 1350 2878 remotiores,

421 2912 586 2999 propiores
615 2909 716 2988 aliae,
750 2907 919 2972 nonnullae
951 2908 1139 2993 contiguae3
1163 2912 1219 2977 sed
1242 2932 1351 2980 omnes

420 3006 586 3110 dinone,
616 3025 736 3112 quippe
758 3042 777 3091 e
799 3044 859 3090 suo
889 3023 1028 3109 singulae
1054 3027 1212 3110 longeque
1228 3030 1352 3099 diverso

420 3147 579 3235 principio
608 3146 731 3209 ductae.
788 3143 832 3207 Et
859 3160 934 3206 sane
951 3143 978 3207 si
998 3159 1030 3210 et
1051 3144 1281 3217 institutionem
1300 3153 1353 3238 ju·

309 3288 314 3293 ·
424 3252 538 3330 renum
572 3272 604 3325 et
650 3255 812 3322 hominurn
843 3258 936 3325 vitam
966 3263 1223 3349 consideramus,
1262 3288 1351 3334 suam

427 3353 434 3363 ι
933 3366 941 3377 ’
1265 3381 1352 3461 quis-

425 3574 448 3609 ι’
458 3551 697 3636 (ri-*Presidium
707 3558 833 3612 Ciceroni
844 3560 914 3612 forto
925 3559 1025 3614 Gnaei
1035 3561 1098 3624 port
1108 3551 1352 3620 elstmmplrroa

423 3663 574 3733 'phinni
590 3663 674 3715 latent
691 3676 741 3715 nor
761 3661 848 3713 ioum
864 3660 907 3711 illi
919 3676 964 3713 rou
985 3653 1066 3708 rivuli
1086 3651 1179 3719 polius
1191 3654 1351 3721 propiora:

414 3736 493 3841 ’μοι
504 3765 605 3819 unuani·
614 3765 675 3832 quir
693 3761 772 3812 uobis
791 3761 953 3812 monstraret
965 3789 973 3816 ,
987 3762 1017 3807 ut
1032 3752 1192 3805 mansuevit
1211 3754 1351 3826 Wytlou·

424 3863 537 3921 bachius
556 3861 589 3916 de
611 3860 698 3914 nobili
719 3856 864 3919 ciceronio
895 3852 1024 3903 sententio
1043 3868 1139 3920 agens:
1166 3854 1233 3907 haec
1255 3857 1351 3906 eludia

427 3965 641 4021 mercantiam
656 3962 747 4013 olunt.
767 3983 802 4003 -
821 3954 854 4006 V.
869 3949 1001 4004 Netteher
1013 3949 1082 4018 disp.
1100 3951 1133 4002 de
1144 3951 1203 4008 cic.
1214 3961 1282 4008 one.
1300 3971 1350 4020 pro

424 4059 645 4149 mhbtlrafi'·
655 4057 802 4114 malms
811 4050 1004 4118 ΕΜῚΜΒ·
1017 4048 1278 4132 Philonrvolelrp.
1292 4070 1349 4123 ayo.
