2992 5220
534 467 707 531 ..47-

94 637 99 641 ’
163 629 228 692 bus
250 626 388 695 alienost
419 646 484 694 non
509 627 579 692 sine
610 647 721 695 caussa
752 649 822 708 eas,
850 648 928 711 quas
954 629 1039 711 dixi,
1060 628 1094 697 in
1173 718 1178 725 ι

163 740 268 825 pueris
294 742 445 808 virtutum
476 742 565 826 quasi
591 743 776 811 scintillulas
796 745 963 826 videmus,
985 747 1094 828 equl·

163 859 229 925 bue
251 860 376 951 peccandi
405 859 590 944 philosophi
607 857 641 902 ‘¹³
671 862 749 928 ratio
778 861 897 943 debet,
936 868 1091 944 atnam,

163 976 254 1058 qausl
280 976 407 1057 Deam,
431 978 539 1043 dracem
567 977 784 1062 subsequens,
815 979 854 1043 ad
880 993 1008 1046 naturae
1025 999 1097 1064 per·

164 1094 270 1159 renim
297 1106 482 1159 extremum.
536 1092 651 1174 Nam,
682 1109 720 1159 ut
749 1079 860 1178 saepe
868 1097 932 1181 jam
956 1095 1039 1178 dixi,
1061 1096 1095 1162 ira

134 1207 141 1216 ’
166 1204 286 1277 lnfitnu
309 1219 409 1271 aetate
435 1206 653 1290 imbecillaquc
672 1222 778 1275 mente
805 1211 854 1276 vis
866 1225 921 1275 nat
936 1229 1009 1276 urae
1039 1229 1097 1296 pet

163 1325 325 1408 caliginem
358 1322 535 1390 cernitur.”
558 1321 589 1373 ⁶⁸>
628 1324 726 1409 Quod
746 1325 925 1410 diligentius
942 1327 1033 1396 etiam
1062 1328 1096 1395 in

164 1440 215 1506 lrlo
253 1438 457 1522 exponiturt'
472 1485 499 1520 „
521 1440 614 1507 Parvi
646 1441 749 1524 primo
780 1456 854 1507 ortu
886 1444 940 1512 ,sic
968 1446 1095 1530 jacent,

163 1570 321 1639 tamquam
344 1547 474 1624 omnino
493 1548 562 1624 sine
576 1558 679 1655 animo
697 1559 760 1626 sint
772 1581 784 1642 ;
797 1579 869 1626 cum
885 1574 988 1629 autem
1007 1563 1096 1647 paul-

163 1676 233 1741 ·lutn
255 1673 410 1741 firmitatis
430 1676 621 1757 accesserit,
640 1689 673 1742 et
697 1677 801 1770 animo
823 1691 956 1746 utrantur
974 1692 1007 1746 et
1023 1697 1096 1746 sen·
1178 1710 1182 1729 =

163 1791 277 1859 sibura
299 1791 587 1875 connitunturque,
609 1805 645 1858 ut
656 1811 727 1860 sese
740 1793 862 1878 erigant
901 1808 934 1861 et
954 1794 1097 1862 manibus

164 1920 314 1975 utantura
337 1922 369 1975 ct
398 1927 453 1975 eos
483 1923 683 1994 agnoscunt,
710 1895 881 1993 aquibus
911 1911 1094 1979 educantur.

166 2024 289 2092 Deinde
304 2024 484 2109 aequalibus
510 2025 724 2092 delectanturt
746 2025 946 2108 libenterque
967 2046 1003 2092 se
1024 2047 1096 2094 cum
1169 2008 1173 2022 ⁸

165 2141 217 2209 bia
244 2153 457 2228 congregant,
476 2143 613 2224 dmtque
634 2161 670 2208 se
696 2144 735 2208 ad
756 2143 945 2210 ludendum:
970 2143 1097 2210 fabella·
1191 2198 1193 2202 ,

164 2278 300 2342 mamque
324 2259 483 2327 auditione
504 2259 684 2341 ducuntur,
717 2261 820 2343 deque
846 2279 907 2343 eo,
930 2261 1018 2344 quod
1047 2261 1098 2347 ip·-

163 2378 210 2442 sis
240 2391 391 2459 superat,
432 2375 501 2441 aliis
527 2375 690 2459 gratificari
726 2380 861 2442 volunt:
904 2379 1096 2447 animadver-

163 2504 300 2572 tuntque
334 2471 393 2570 ca,
430 2509 511 2573 quac
548 2490 632 2555 domi
661 2491 765 2572 fiunt,
800 2492 977 2574 curiosius,
1019 2494 1097 2561 inci·

163 2610 322 2694 piumque
352 2606 554 2674 commentari
582 2607 700 2690 aliquid
734 2623 766 2675 et
797 2609 937 2675 disceret
980 2625 1012 2677 et
1041 2631 1097 2677 eo·

162 2745 256 2806 rum,
279 2722 361 2808 qu'os
384 2724 513 2805 vident,
542 2724 656 2790 volunt
679 2743 745 2791 non
777 2726 919 2808 ignorare
946 2728 1092 2796 nominat

107 2840 113 2847 “
162 2842 346 2926 quibusque
380 2843 419 2908 de
447 2841 552 2908 rebus
586 2861 657 2908 cunr
697 2844 879 2925 aequalibus
916 2845 1092 2928 decertant,

161 2961 190 3028 sl
218 2960 379 3041 vicerint,
413 2958 547 3027 efferunt
571 2962 616 3024 se'
637 2959 774 3026 laetitia:
822 2960 899 3025 victi
932 2962 1099 3039 debilitan-v

161 3093 216 3146 tur
243 3077 427 3158 animosque
466 3076 672 3142 demittunt.’‘
701 3079 737 3124 (³³
781 3077 866 3143 Tum
912 3098 987 3145 vcro
1027 3080 1097 3162 ipse

159 3211 422 3262 commemoratur
444 3197 590 3261 veritatis
619 3215 721 3260 amor.
777 3243 805 3276 ,‚
837 3194 959 3262 Tantus
981 3211 1029 3262 est
1049 3198 1096 3264 in-

160 3325 255 3378 natus
280 3312 313 3376 in
341 3310 434 3375 nobis
464 3309 654 3392 cognitionis
682 3329 769 3376 amor
800 3327 832 3377 et
857 3314 1026 3395 scientiae,
1058 3330 1095 3382 ut

164 3444 258 3492 nemo
291 3425 432 3490 dubitare
461 3425 586 3507 possit,
609 3427 686 3507 quin
716 3401 757 3491 ad
785 3446 836 3493 eas
864 3449 913 3493 res
935 3432 1096 3500 hominum

158 3559 271 3612 natura
299 3544 389 3608 nullo
415 3541 627 3606 emolumento
647 3541 778 3609 invitata
807 3545 956 3625 rapiatur.
998 3548 1095 3616 Vide·

1008 3685 1096 3733 Ilius·

196 3830 237 3901 (ι)
258 3829 341 3881 Forte
358 3826 409 3893 leg.
422 3822 596 3897 philosopho.
631 3827 678 3883 sic
696 3836 768 3882 certe
785 3835 916 3884 rentenlia
932 3835 1021 3888 mnus
1037 3835 1090 3890 dn.

156 3922 193 3981 'n
210 3927 283 3989 crit,
303 3933 334 3979 ut
349 3924 491 3980 videbatur
508 3924 631 3982 Ernesto.
704 3929 744 4000 (a)
769 3931 813 3985 De
830 3931 891 3986 nin.
909 3931 946 3991 V.
964 3933 1005 3990 15.

202 4027 242 4094 (ὃ)
263 4025 307 4079 Do
327 4025 387 4079 nia.
410 4023 448 4079 V.
465 4043 489 4077 c.
508 4025 548 4079 ab.
