2992 5220
627 461 879 535 rursu·-¹

264 632 338 704 dutn
366 627 493 696 omnino
522 639 589 708 est,
610 623 797 693 dissensisse
828 622 861 688 in
886 622 1006 690 caussis
1042 619 1193 707 gravissi·

265 740 324 815 mis
351 767 369 812 a
399 745 562 831 magistro¹
585 743 809 823 Aristotelem,
853 741 941 823 quod
975 754 1042 805 tum
1071 736 1192 823 patebit

267 860 360 930 riobis
387 863 541 942 maxime,
572 863 628 930 ubi
663 862 702 927 de
729 860 806 927 ideis
835 858 977 927 Platonis
1014 873 1046 924 et
1074 856 1190 924 mundo

265 985 355 1066 renati
384 981 456 1045 data
482 976 577 1063 operi
602 997 711 1045 sumus
732 976 842 1054 couri.
886 976 1011 1062 Quodsi
1028 974 1101 1057 quis
1122 973 1195 1038 nul·

265 1097 300 1161 lo
328 1097 441 1161 ductus
477 1097 612 1178 par-tium
644 1095 771 1175 studio,
800 1095 939 1175 perlecto
961 1093 1098 1158 vPlutone
1123 1106 1195 1173 per·

267 1215 430 1302 pensaque
470 1213 539 1296 ejus
567 1199 793 1296 philosophis,
848 1209 1050 1274 Aristotelem
1085 1203 1195 1289 legerit

266 1325 438 1410 deinceps,
458 1328 552 1394 mirer
575 1329 742 1411 equidem,
772 1325 800 1387 si
826 1343 890 1387 non
907 1321 1123 1403 perspexerit,
1145 1318 1195 1383 irl-

263 1443 398 1512 choasse
423 1444 518 1509 multa
542 1441 723 1517 Platonem,
756 1453 836 1516 quae
870 1427 1058 1502 Aristoteles
1090 1432 1194 1518 perfer

264 1559 310 1625 eit
338 1573 468 1641 postet:
504 1554 585 1619 uiant
604 1552 767 1637 discipulo,
791 1566 983 1618 monstrasse
1017 1572 1052 1618 ac
1074 1550 1195 1634 patefe-

261 1673 344 1738 cisse
373 1671 559 1750 doctorctn‚
582 1688 673 1750 quarn
704 1669 767 1737 nisi
798 1671 952 1750 tenuisset
981 1668 1193 1750 Aristoteles,

262 1800 350 1861 tana
378 1787 429 1853 hic
461 1801 616 1870 praestare
637 1787 882 1873 philosophiae,
923 1799 1036 1869 quanta
1065 1781 1198 1867 praesti·

207 1907 209 1911 ’
264 1904 330 1986 tlt,
360 1903 442 1971 haud
463 1904 554 1982 facile
575 1904 752 2001 potuissete
787 1903 1005 1991 omninoque,
1028 1913 1064 1966 ut
1086 1899 1198 1966 Socra·

173 2075 177 2081 .
265 2020 348 2089 ricus
374 2023 501 2105 proprie
530 2023 617 2089 Plato
648 2021 734 2102 fuit,
767 2022 810 2087 ita
834 2039 905 2086 eum
940 2020 973 2085 in
1004 2019 1132 2085 modum
1156 2017 1195 2084 ab

268 2139 330 2204 hoc
353 2136 553 2218 informatum
590 2139 791 2219 Aristotelem
805 2223 810 2233 Ι
826 2137 948 2219 fuisse,
977 2151 1013 2202 ut
1033 2153 1107 2203 vere
1137 2134 1197 2199 dici

267 2253 447 2322 Platonicus
487 2255 603 2338 possit.
646 2255 697 2321 Ex
733 2257 828 2338 ipsi,
861 2274 952 2336 quam
984 2254 1079 2319 modo
1109 2252 1199 2319 insti·

268 2369 408 2453 suimus,
442 2369 687 2454 disquisitione,
725 2373 800 2438 haec
840 2352 1200 2455 continuo'intelligune

268 2500 334 2554 uir.
377 2486 459 2553 Nam
484 2487 571 2570 quod
589 2488 640 2552 hi'c
668 2488 793 2573 agitavit
817 2507 962 2574 magnum
983 2506 1057 2553 saue
1076 2503 1109 2555 et
1128 2507 1200 2554 vas·

271 2615 339 2668 turn
356 2603 547 2685 consilium,
581 2618 617 2671 ut
647 2619 727 2671 artes
757 2613 864 2672 omncs
891 2607 1112 2689 doctrinasque
1128 2602 1201 2688 pha

269 2717 467 2798 Iosophando
504 2721 784 2801 complecteretur,
825 2704 998 2804 repositum
1029 2723 1090 2786 hoc
1130 2735 1198 2801 est,

272 2844 309 2913 ut
342 2830 500 2912 vidimus,
532 2832 565 2897 in
597 2833 735 2899 Platonis
756 2836 980 2918 philosophia,
1003 2837 1058 2917 qui
1085 2854 1102 2901 a
1128 2837 1200 2903 nul·,

275 2947 309 3013 lo
352 2966 457 3027 earum
490 2963 601 3034 genere
634 2948 766 3014 alienum
803 2968 872 3015 esse
911 2969 1019 3018 verutu
1060 2952 1203 3036 philoso-

191 3104 196 3115 ·
273 3064 373 3155 phutn
405 3064 635 3146 contendebat,
658 3067 807 3147 quodque
838 3066 965 3135 abaliis
996 3069 1203 3153 postulabat,

272 3183 343 3264 ipse
373 3183 405 3246 in
438 3183 600 3262 plerisque
620 3181 748 3264 dialogis
780 3182 986 3266 inprimisque
1016 3185 1048 3249 iu
1080 3185 1204 3259 Timaeo

275 3293 378 3360 facere
404 3300 585 3376 aggrcsssus
610 3311 671 3364 cst.
727 3297 811 3364 Tum
843 3301 957 3382 etiarn,
990 3304 1076 3383 quod
1104 3305 1202 3387 vulgo

273 3408 408 3491 dicitur,
431 3410 565 3494 primum
595 3411 696 3480 fuisse
734 3415 962 3497 Aristotelem,
985 3415 1040 3497 qui
1063 3417 1204 3500 discipli·

246 3537 331 3610 tras
358 3541 430 3611 apte
457 3526 685 3614 distingueret,
717 3532 756 3598 ad
785 3533 846 3597 hoc
872 3533 947 3598 item
981 3530 1115 3598 vidimus
1137 3534 1203 3620 sig·

274 3660 350 3728 pum
386 3659 458 3712 ante
482 3664 553 3712 eum
584 3647 752 3716 sustulisse
782 3642 952 3726 Platonem.
975 3643 1009 3690 ω
1053 3648 1115 3716 sad
1139 3651 1201 3719 hoc

373 3768 376 3775 '
1149 3770 1203 3837 de·

281 3910 284 3914 ’
308 3895 351 3967 (ι)
371 3896 494 3962 Imitatus
516 3898 581 3952 adeo
610 3897 660 3953 laec
679 3898 709 3949 in
738 3915 768 3950 rc
782 3897 929 3962 ,ettonem
958 3901 1119 3959 Aristotelen
1148 3912 1200 3960 ott·

223 4025 226 4029 ·
275 3990 371 4064 ”lilii
394 3995 424 4063 l'fl
448 3994 640 4076 &Quadis
659 3995 821 4066 duacum,
845 3994 991 4063 meone·
1007 4005 1037 4058 al
1062 4000 1202 4071 Politice,

281 4132 284 4139 ·
521 4126 526 4136 ²
1016 4127 1017 4132 ¹
1129 4105 1202 4181 tiqr-
