2992 5220
498 503 697 570 -ttt-

127 654 539 741 annuntiationibus,
552 658 645 745 pinne
664 668 702 722 ut
728 655 801 739 ipse
818 652 990 732 Socrates,
1008 666 1061 721 so.
1116 698 1120 711 .

123 777 207 846 mim
240 774 354 861 sparsit
384 773 417 841 in
452 773 638 855 hominum,
668 771 852 856 praesertim
879 771 1060 837 adolescen-

125 907 217 974 tum,
241 887 391 981 ingsnio‚
413 910 494 976 quoe
513 903 572 975 pn)
597 889 795 977 ingeniorum
816 904 1061 972 temporumque

127 1010 305 1092 varietate,
327 1009 431 1097 totins
453 1006 538 1074 omui
559 1025 669 1089 aeuo,
692 1006 749 1073 sed
777 1006 917 1089 optimos
936 1002 1060 1075 fructus
1176 1034 1178 1038 ·

125 1098 318 1215 proferrent.
361 1125 399 1191 Id
416 1123 493 1191 fecit
511 1125 621 1207 Pisto,
643 1140 675 1189 et
692 1123 795 1190 fauere
823 1123 880 1189 hnc
901 1120 1060 1191 scribendi

126 1240 232 1309 sormi
252 1242 384 1326 potuit,
413 1242 474 1309 ulii
498 1241 678 1327 usurpandi
697 1259 763 1306 non
781 1239 951 1323 potuisset.
996 1237 1061 1307 Sed

126 1358 208 1428 iilud
233 1356 515 1427 animadvertamus
535 1359 625 1427 item.
669 1357 717 1425 Ut
740 1356 964 1442 xenophontis
989 1354 1064 1425 Mo·

123 1474 313 1556 morabilis,
335 1474 382 1547 itt
408 1475 526 1561 scripta
554 1474 693 1547 Pistonis
717 1494 783 1541 non
803 1474 878 1541 artis
898 1475 1061 1559 cujusdam

125 1592 377 1679 autumnitas,
400 1611 466 1659 non
489 1592 665 1681 argumenti
693 1590 863 1675 peculiaris
885 1588 1061 1674 expositio»

126 1727 222 1791 nem,
251 1711 308 1775 sod
328 1708 450 1779 fontem
478 1713 642 1779 continent
673 1710 804 1795 ipsum,
836 1708 920 1776 unde
952 1723 1061 1777 omues

128 1822 253 1897 haurire
291 1838 443 1907 oportet,
482 1823 541 1909 qui
573 1840 674 1893 turum
706 1825 868 1893 scientiam
890 1838 1060 1910 oppetunt.

127 1939 318 2024 Exquiritut
337 1939 370 2007 in
390 1939 563 2023 omnibus,
590 1939 786 2025 quidnobis
814 1940 947 2007 munione
968 1959 1062 2024 agen·

128 2054 203 2123 dum
233 2053 405 2137 videatur,
422 2070 481 2136 ut,
503 2054 713 2155 quiduerttm
729 2054 797 2137 sit,
821 2053 900 2138 quid
916 2053 1062 2139 salsum,

132 2173 210 2257 quid
228 2172 466 2259 appetendum,
487 2171 564 2256 quid
593 2171 800 2258 fugiendum,
823 2173 985 2258 sciannust¹
1001 2190 1061 2241 not

128 2286 224 2377 friget
260 2291 455 2375 disputatio,
478 2305 514 2356 ut
537 2290 571 2359 in
601 2291 730 2359 coetetis
765 2291 925 2375 plerisque
945 2290 1060 2373 noris,

130 2407 187 2474 sed
215 2406 272 2490 qui
291 2406 482 2474 inducuntur
504 2409 723 2488 colloquentes
742 2407 782 2475 de
802 2406 998 2493 gavissins
1012 2406 1063 2477 his

132 2524 253 2605 rebus,
275 2539 313 2591 ut
328 2522 392 2591 fert
417 2518 583 2623 familianis.
601 2523 679 2591 ratio
708 2523 883 2604 sermonis,
906 2540 978 2605 sum
996 2521 1063 2591 sui·

129 2641 174 2709 mi
203 2659 300 2708 sensu
330 2640 509 2724 affectuque
532 2641 704 2725 exquirunt
734 2641 878 2727 singula,
917 2641 1063 2723 interque

128 2759 323 2843 loquendum
350 2756 492 2827 veritatis
519 2757 711 2842 uirtutisque
731 2776 835 2825 amore
868 2757 1061 2829 inanescunt

130 2872 311 2951 identidem·
332 2875 407 2943 Hoc
428 2893 501 2958 est,
524 2876 611 2959 quod
640 2874 842 2964 φιιισιῷιῖν,
870 2876 1062 2966 philosopha·

131 2996 188 3075 ri,
214 2993 389 3078 appellabat
408 2994 682 3078 Pontumque
702 2993 821 3061 efficere
847 2994 880 3063 in
890 2992 1063 3075 lectoribus

130 3110 299 3205 scribendo
331 3113 465 3180 studuit.
486 3150 491 3159 ·
511 3112 557 3180 Et
588 3130 664 3185 sune
692 3114 767 3197 quis
797 3116 905 3199 legens
927 3113 1064 3197 sympo·

131 3226 239 3311 sium,
260 3243 298 3295 ut
327 3230 389 3296 hoc
418 3246 512 3312 utut,
534 3245 566 3297 ot
598 3232 669 3314 ipss
693 3231 784 3312 qussi
813 3250 968 3312 pneseus·
986 3248 1065 3297 con·

131 3341 214 3407 vivis
247 3341 331 3424 iilis,
353 3361 419 3409 non
451 3344 584 3423 eodem,
608 3363 673 3424 quo
696 3345 764 3424 iili,
785 3347 895 3411 ardore
916 3343 1065 3412 efferta-

132 3456 199 3539 cit,
232 3476 331 3540 quum
358 3475 417 3524 eos
444 3475 580 3527 amorem
611 3459 698 3526 audit
727 3476 759 3527 et
783 3479 845 3527 uno
880 3480 952 3527 cum
978 3481 1065 3529 tuto·
1100 3528 1104 3537 ,

133 3592 168 3642 re
193 3571 434 3657 fortitudinem,
469 3575 685 3660 honestatem,
718 3578 852 3647 virtutes
876 3599 986 3647 omnes
1014 3598 1068 3647 cs·

134 3691 317 3760 lebrantest
355 3693 441 3777 Quid
470 3694 588 3777 plura?
620 3697 654 3765 si
683 3697 757 3780 quis
788 3717 935 3780 uniquam
967 3685 1065 3784 sctis),

133 3820 210 3904 tot,
239 3811 459 3902 platoceros,
482 3813 676 3898 quicumque
699 3813 835 3882 latebant
858 3816 889 3881 in
912 3817 1065 3885 lectorum

136 3927 250 3995 animis
276 3929 404 3998 virtutis
430 3929 580 4016 igniculi,
610 3933 670 3998 hos
701 3932 827 4016 scriptis
854 3933 921 4002 suis
951 3933 1068 4002 excitu-

136 4042 187 4111 vit
213 4043 365 4131 aluitque.

568 4163 640 4232 Ko
927 4159 1074 4265 nDi
