<?xml version="1.0" encoding="UTF-8"?>
<!DOCTYPE html PUBLIC "-//W3C//DTD XHTML 1.0 Transitional//EN"
    "http://www.w3.org/TR/xhtml1/DTD/xhtml1-transitional.dtd">
<html xmlns="http://www.w3.org/1999/xhtml" xml:lang="en" lang="en">
 <head>
  <title>
</title>
<meta http-equiv="Content-Type" content="text/html;charset=utf-8" />
  <meta name='ocr-system' content='tesseract 3.04.00' />
  <meta name='ocr-capabilities' content='ocr_page ocr_carea ocr_par ocr_line ocrx_word'/>
</head>
<body>
  <div class='ocr_page' id='page_1' title='image "./initiaphilosoph01heusgoog_0239.png"; bbox 0 0 2992 5220; ppageno 0'>
   <div class='ocr_carea' id='block_1_1' title="bbox 664 471 838 530">
    <p class='ocr_par' dir='ltr' id='par_1_1' title="bbox 664 471 838 530">
     <span class='ocr_line' id='line_1_1' title="bbox 664 471 838 530; baseline -0.023 -31"><span class='ocrx_word' id='word_1_1' title='bbox 664 471 838 530; x_wconf 64' lang='lat'>„42-</span> 
     </span>
    </p>
   </div>
   <div class='ocr_carea' id='block_1_2' title="bbox 214 634 1212 3972">
    <p class='ocr_par' dir='ltr' id='par_1_2' title="bbox 264 634 1212 3163">
     <span class='ocr_line' id='line_1_2' title="bbox 283 634 1212 722; baseline 0.001 -17"><span class='ocrx_word' id='word_1_2' title='bbox 283 634 458 719; x_wconf 66' lang='grc' dir='ltr'><strong>ἐμμετρίᾳῖ</strong></span> <span class='ocrx_word' id='word_1_3' title='bbox 486 671 531 687; x_wconf 90' lang='grc'><strong>-</strong></span> <span class='ocrx_word' id='word_1_4' title='bbox 562 635 743 718; x_wconf 77' lang='grc' dir='ltr'><strong><em>Ἐμμετρίᾳ.</em></strong></span> <span class='ocrx_word' id='word_1_5' title='bbox 765 671 812 688; x_wconf 92' lang='lat'><strong>·-·</strong></span> <span class='ocrx_word' id='word_1_6' title='bbox 827 639 999 720; x_wconf 75' lang='grc' dir='ltr'><strong>Ἔμμετρον</strong></span> <span class='ocrx_word' id='word_1_7' title='bbox 1026 637 1121 722; x_wconf 84' lang='lat' dir='ltr'><strong>igitur</strong></span> <span class='ocrx_word' id='word_1_8' title='bbox 1146 642 1212 706; x_wconf 83' lang='lat' dir='ltr'><strong>anl&#39;·</strong></span> 
     </span>
     <span class='ocr_line' id='line_1_3' title="bbox 283 729 1211 837; baseline 0.008 -22"><span class='ocrx_word' id='word_1_9' title='bbox 283 771 368 816; x_wconf 91' lang='lat' dir='ltr'><strong>mum</strong></span> <span class='ocrx_word' id='word_1_10' title='bbox 390 756 422 816; x_wconf 82' lang='lat' dir='ltr'><strong>el</strong></span> <span class='ocrx_word' id='word_1_11' title='bbox 445 753 566 835; x_wconf 61' lang='grc' dir='ltr'><strong>εὔχαριν</strong></span> <span class='ocrx_word' id='word_1_12' title='bbox 588 729 642 813; x_wconf 62' lang='lat' dir='ltr'><strong>illa*</strong></span> <span class='ocrx_word' id='word_1_13' title='bbox 665 765 785 834; x_wconf 87' lang='lat' dir='ltr'><strong>praeter</strong></span> <span class='ocrx_word' id='word_1_14' title='bbox 820 767 939 818; x_wconf 88' lang='lat' dir='ltr'><strong>caetera</strong></span> <span class='ocrx_word' id='word_1_15' title='bbox 966 768 1094 820; x_wconf 87' lang='lat' dir='ltr'><strong>naturae</strong></span> <span class='ocrx_word' id='word_1_16' title='bbox 1118 775 1211 837; x_wconf 91' lang='lat' dir='ltr'><strong>quae·</strong></span> 
     </span>
     <span class='ocr_line' id='line_1_4' title="bbox 281 867 1210 957; baseline 0.009 -26"><span class='ocrx_word' id='word_1_17' title='bbox 281 886 409 947; x_wconf 89' lang='lat' dir='ltr'><strong>ramus,</strong></span> <span class='ocrx_word' id='word_1_18' title='bbox 432 873 511 948; x_wconf 82' lang='lat' dir='ltr'><strong>quae</strong></span> <span class='ocrx_word' id='word_1_19' title='bbox 529 871 587 932; x_wconf 77' lang='lat' dir='ltr'><strong>sud</strong></span> <span class='ocrx_word' id='word_1_20' title='bbox 610 867 677 950; x_wconf 89' lang='lat' dir='ltr'><strong>ipsa</strong></span> <span class='ocrx_word' id='word_1_21' title='bbox 704 869 795 934; x_wconf 89' lang='lat' dir='ltr'><strong>viad</strong></span> <span class='ocrx_word' id='word_1_22' title='bbox 826 870 924 936; x_wconf 88' lang='lat' dir='ltr'><strong>ideam</strong></span> <span class='ocrx_word' id='word_1_23' title='bbox 949 873 1106 957; x_wconf 85' lang='lat' dir='ltr'><strong>cujusque</strong></span> <span class='ocrx_word' id='word_1_24' title='bbox 1123 875 1210 956; x_wconf 91' lang='lat' dir='ltr'><strong>quod</strong></span> 
     </span>
     <span class='ocr_line' id='line_1_5' title="bbox 281 983 1204 1052; baseline 0.005 -4"><span class='ocrx_word' id='word_1_25' title='bbox 281 994 390 1048; x_wconf 86' lang='lat' dir='ltr'><strong>verum</strong></span> <span class='ocrx_word' id='word_1_26' title='bbox 415 996 465 1047; x_wconf 85' lang='lat' dir='ltr'><strong>est</strong></span> <span class='ocrx_word' id='word_1_27' title='bbox 492 983 603 1050; x_wconf 78' lang='lat' dir='ltr'><strong>tendit.</strong></span> <span class='ocrx_word' id='word_1_28' title='bbox 628 983 660 1025; x_wconf 69' lang='lat'><strong>(¹)</strong></span> <span class='ocrx_word' id='word_1_29' title='bbox 688 1049 691 1052; x_wconf 81' lang='grc'>,</span> <span class='ocrx_word' id='word_1_30' title='bbox 1203 1005 1204 1008; x_wconf 72' lang='grc'>’</span> 
     </span>
     <span class='ocr_line' id='line_1_6' title="bbox 320 1097 1212 1193; baseline 0.015 -30"><span class='ocrx_word' id='word_1_31' title='bbox 320 1099 411 1163; x_wconf 91' lang='lat' dir='ltr'><strong>Hanc</strong></span> <span class='ocrx_word' id='word_1_32' title='bbox 435 1097 571 1163; x_wconf 86' lang='lat' dir='ltr'><strong>Socratis</strong></span> <span class='ocrx_word' id='word_1_33' title='bbox 594 1103 677 1184; x_wconf 88' lang='lat' dir='ltr'><strong>apud</strong></span> <span class='ocrx_word' id='word_1_34' title='bbox 687 1103 845 1169; x_wconf 89' lang='lat' dir='ltr'><strong>Platonem</strong></span> <span class='ocrx_word' id='word_1_35' title='bbox 868 1105 908 1171; x_wconf 92' lang='lat' dir='ltr'><strong>de</strong></span> <span class='ocrx_word' id='word_1_36' title='bbox 926 1106 1128 1193; x_wconf 90' lang='lat' dir='ltr'><strong>philosophis</strong></span> <span class='ocrx_word' id='word_1_37' title='bbox 1148 1110 1212 1175; x_wconf 65' lang='lat' dir='ltr'><strong>dis*</strong></span> 
     </span>
     <span class='ocr_line' id='line_1_7' title="bbox 275 1206 1212 1306; baseline 0.013 -26"><span class='ocrx_word' id='word_1_38' title='bbox 275 1206 494 1296; x_wconf 86' lang='lat' dir='ltr'><strong>ceptationem&#39;</strong></span> <span class='ocrx_word' id='word_1_39' title='bbox 515 1222 731 1300; x_wconf 88' lang='lat' dir='ltr'><strong>apponendam</strong></span> <span class='ocrx_word' id='word_1_40' title='bbox 768 1235 867 1286; x_wconf 91' lang='lat' dir='ltr'><strong>totam</strong></span> <span class='ocrx_word' id='word_1_41' title='bbox 906 1224 1111 1304; x_wconf 86' lang='lat' dir='ltr'><strong>censuimus,</strong></span> <span class='ocrx_word' id='word_1_42' title='bbox 1145 1245 1212 1306; x_wconf 91' lang='lat' dir='ltr'><strong>quo</strong></span> 
     </span>
     <span class='ocr_line' id='line_1_8' title="bbox 274 1334 1211 1421; baseline 0.004 -24"><span class='ocrx_word' id='word_1_43' title='bbox 274 1349 331 1421; x_wconf 81' lang='lat' dir='ltr'><strong>eos</strong></span> <span class='ocrx_word' id='word_1_44' title='bbox 361 1334 534 1400; x_wconf 77' lang='lat' dir='ltr'><strong>accuratius</strong></span> <span class='ocrx_word' id='word_1_45' title='bbox 554 1355 571 1400; x_wconf 93' lang='lat' dir='ltr'><strong>a</strong></span> <span class='ocrx_word' id='word_1_46' title='bbox 594 1335 722 1401; x_wconf 88' lang='lat' dir='ltr'><strong>caeteris</strong></span> <span class='ocrx_word' id='word_1_47' title='bbox 751 1337 960 1417; x_wconf 83' lang='lat' dir='ltr'><strong>cognoscendi</strong></span> <span class='ocrx_word' id='word_1_48' title='bbox 990 1340 1113 1420; x_wconf 91' lang='lat' dir='ltr'><strong>cupidis</strong></span> <span class='ocrx_word' id='word_1_49' title='bbox 1147 1339 1211 1401; x_wconf 89' lang='lat' dir='ltr'><strong>dis-</strong></span> 
     </span>
     <span class='ocr_line' id='line_1_9' title="bbox 274 1447 1211 1534; baseline 0.003 -19"><span class='ocrx_word' id='word_1_50' title='bbox 274 1448 509 1534; x_wconf 80' lang='lat' dir='ltr'><strong>tingueremus,</strong></span> <span class='ocrx_word' id='word_1_51' title='bbox 531 1465 598 1513; x_wconf 92' lang='lat' dir='ltr'><strong>tum</strong></span> <span class='ocrx_word' id='word_1_52' title='bbox 619 1449 709 1514; x_wconf 87' lang='lat' dir='ltr'><strong>etiam</strong></span> <span class='ocrx_word' id='word_1_53' title='bbox 732 1447 893 1530; x_wconf 86' lang='lat' dir='ltr'><strong>ipsarum,</strong></span> <span class='ocrx_word' id='word_1_54' title='bbox 927 1452 1044 1532; x_wconf 90' lang='lat' dir='ltr'><strong>quibus</strong></span> <span class='ocrx_word' id='word_1_55' title='bbox 1068 1452 1211 1518; x_wconf 83' lang='lat' dir='ltr'><strong>erudien-</strong></span> 
     </span>
     <span class='ocr_line' id='line_1_10' title="bbox 275 1563 1210 1649; baseline 0.003 -18"><span class='ocrx_word' id='word_1_56' title='bbox 275 1566 308 1631; x_wconf 88' lang='lat' dir='ltr'><strong>di</strong></span> <span class='ocrx_word' id='word_1_57' title='bbox 331 1580 445 1644; x_wconf 91' lang='lat' dir='ltr'><strong>erunt,</strong></span> <span class='ocrx_word' id='word_1_58' title='bbox 477 1563 711 1647; x_wconf 85' lang='lat' dir='ltr'><strong>disciplinarum</strong></span> <span class='ocrx_word' id='word_1_59' title='bbox 744 1583 866 1631; x_wconf 82' lang='lat' dir='ltr'><strong>caussa.</strong></span> <span class='ocrx_word' id='word_1_60' title='bbox 911 1567 1017 1648; x_wconf 94' lang='lat' dir='ltr'><strong>Nam,</strong></span> <span class='ocrx_word' id='word_1_61' title='bbox 1041 1572 1128 1649; x_wconf 90' lang='lat' dir='ltr'><strong>quod</strong></span> <span class='ocrx_word' id='word_1_62' title='bbox 1156 1564 1210 1634; x_wconf 58' lang='lat' dir='ltr'><strong>s&#39;tta</strong></span> 
     </span>
     <span class='ocr_line' id='line_1_11' title="bbox 274 1679 1209 1767; baseline 0.009 -23"><span class='ocrx_word' id='word_1_63' title='bbox 274 1698 331 1762; x_wconf 89' lang='lat' dir='ltr'><strong>pra</strong></span> <span class='ocrx_word' id='word_1_64' title='bbox 370 1679 575 1760; x_wconf 90' lang='lat' dir='ltr'><strong>monuimus,</strong></span> <span class='ocrx_word' id='word_1_65' title='bbox 619 1682 680 1746; x_wconf 95' lang='lat' dir='ltr'><strong>hoc</strong></span> <span class='ocrx_word' id='word_1_66' title='bbox 713 1683 800 1747; x_wconf 55' lang='lat' dir='ltr'><strong>item¹</strong></span> <span class='ocrx_word' id='word_1_67' title='bbox 825 1683 962 1767; x_wconf 91' lang='lat' dir='ltr'><strong>positum</strong></span> <span class='ocrx_word' id='word_1_68' title='bbox 1000 1687 1033 1751; x_wconf 90' lang='lat' dir='ltr'><strong>in</strong></span> <span class='ocrx_word' id='word_1_69' title='bbox 1058 1687 1209 1752; x_wconf 90' lang='lat' dir='ltr'><strong>Veterum</strong></span> 
     </span>
     <span class='ocr_line' id='line_1_12' title="bbox 275 1792 1211 1883; baseline 0.009 -24"><span class='ocrx_word' id='word_1_70' title='bbox 275 1812 364 1861; x_wconf 87' lang='lat' dir='ltr'><strong>more</strong></span> <span class='ocrx_word' id='word_1_71' title='bbox 384 1792 469 1877; x_wconf 88' lang='lat' dir='ltr'><strong>fuit,</strong></span> <span class='ocrx_word' id='word_1_72' title='bbox 491 1810 527 1860; x_wconf 78' lang='lat' dir='ltr'><strong>uc</strong></span> <span class='ocrx_word' id='word_1_73' title='bbox 548 1816 613 1862; x_wconf 91' lang='lat' dir='ltr'><strong>non</strong></span> <span class='ocrx_word' id='word_1_74' title='bbox 641 1799 815 1881; x_wconf 76' lang='lat' dir='ltr'><strong>abstracte,</strong></span> <span class='ocrx_word' id='word_1_75' title='bbox 839 1800 925 1881; x_wconf 89' lang='lat' dir='ltr'><strong>quod</strong></span> <span class='ocrx_word' id='word_1_76' title='bbox 944 1816 1080 1883; x_wconf 89' lang='lat' dir='ltr'><strong>vocant,</strong></span> <span class='ocrx_word' id='word_1_77' title='bbox 1102 1803 1142 1870; x_wconf 89' lang='lat' dir='ltr'><strong>de</strong></span> <span class='ocrx_word' id='word_1_78' title='bbox 1162 1814 1211 1867; x_wconf 62' lang='lat' dir='ltr'><strong>re*</strong></span> 
     </span>
     <span class='ocr_line' id='line_1_13' title="bbox 274 1912 1209 2003; baseline 0.009 -27"><span class='ocrx_word' id='word_1_79' title='bbox 274 1912 336 1977; x_wconf 89' lang='lat' dir='ltr'><strong>bus</strong></span> <span class='ocrx_word' id='word_1_80' title='bbox 366 1927 512 1997; x_wconf 80' lang='lat' dir='ltr'><strong>agerent,</strong></span> <span class='ocrx_word' id='word_1_81' title='bbox 546 1915 600 1979; x_wconf 88' lang='lat' dir='ltr'><strong>sed</strong></span> <span class='ocrx_word' id='word_1_82' title='bbox 631 1933 731 1981; x_wconf 93' lang='lat' dir='ltr'><strong>rerum</strong></span> <span class='ocrx_word' id='word_1_83' title='bbox 765 1916 990 1998; x_wconf 87' lang='lat' dir='ltr'><strong>hominumque</strong></span> <span class='ocrx_word' id='word_1_84' title='bbox 1017 1917 1209 2003; x_wconf 88' lang='lat' dir='ltr'><strong>conjunctim</strong></span> 
     </span>
     <span class='ocr_line' id='line_1_14' title="bbox 275 2027 1212 2111; baseline 0.004 -19"><span class='ocrx_word' id='word_1_85' title='bbox 275 2027 474 2095; x_wconf 83' lang='lat' dir='ltr'><strong>instituerent</strong></span> <span class='ocrx_word' id='word_1_86' title='bbox 503 2029 770 2110; x_wconf 86' lang='lat' dir='ltr'><strong>disquisitionem.</strong></span> <span class='ocrx_word' id='word_1_87' title='bbox 832 2031 942 2111; x_wconf 88' lang='lat' dir='ltr'><strong>Itaque</strong></span> <span class='ocrx_word' id='word_1_88' title='bbox 971 2044 1003 2097; x_wconf 91' lang='lat' dir='ltr'><strong>et</strong></span> <span class='ocrx_word' id='word_1_89' title='bbox 1033 2032 1148 2100; x_wconf 85' lang='lat' dir='ltr'><strong>Cicero</strong></span> <span class='ocrx_word' id='word_1_90' title='bbox 1178 2045 1212 2096; x_wconf 89' lang='lat' dir='ltr'><strong>et</strong></span> 
     </span>
     <span class='ocr_line' id='line_1_15' title="bbox 274 2146 1208 2231; baseline -0.002 -19"><span class='ocrx_word' id='word_1_91' title='bbox 274 2146 489 2231; x_wconf 86' lang='lat' dir='ltr'><strong>Quintilianus</strong></span> <span class='ocrx_word' id='word_1_92' title='bbox 524 2163 556 2212; x_wconf 92' lang='lat' dir='ltr'><strong>et</strong></span> <span class='ocrx_word' id='word_1_93' title='bbox 591 2149 704 2214; x_wconf 89' lang='lat' dir='ltr'><strong>horum</strong></span> <span class='ocrx_word' id='word_1_94' title='bbox 738 2148 858 2231; x_wconf 89' lang='lat' dir='ltr'><strong>quique</strong></span> <span class='ocrx_word' id='word_1_95' title='bbox 892 2146 1066 2226; x_wconf 87' lang='lat' dir='ltr'><strong>simillimi,</strong></span> <span class='ocrx_word' id='word_1_96' title='bbox 1110 2165 1208 2229; x_wconf 91' lang='lat' dir='ltr'><strong>quum</strong></span> 
     </span>
     <span class='ocr_line' id='line_1_16' title="bbox 274 2261 1208 2347; baseline -0.001 -18"><span class='ocrx_word' id='word_1_97' title='bbox 274 2278 402 2347; x_wconf 87' lang='lat' dir='ltr'><strong>agerent</strong></span> <span class='ocrx_word' id='word_1_98' title='bbox 434 2264 473 2331; x_wconf 91' lang='lat' dir='ltr'><strong>de</strong></span> <span class='ocrx_word' id='word_1_99' title='bbox 496 2264 617 2331; x_wconf 90' lang='lat' dir='ltr'><strong>dicendi</strong></span> <span class='ocrx_word' id='word_1_100' title='bbox 650 2280 736 2340; x_wconf 86' lang='lat' dir='ltr'><strong>arte,</strong></span> <span class='ocrx_word' id='word_1_101' title='bbox 781 2283 846 2326; x_wconf 93' lang='lat' dir='ltr'><strong>non</strong></span> <span class='ocrx_word' id='word_1_102' title='bbox 883 2263 960 2325; x_wconf 91' lang='lat' dir='ltr'><strong>hanc</strong></span> <span class='ocrx_word' id='word_1_103' title='bbox 988 2261 1208 2343; x_wconf 86' lang='lat' dir='ltr'><strong>explicuerunt</strong></span> 
     </span>
     <span class='ocr_line' id='line_1_17' title="bbox 274 2376 1211 2460; baseline 0 -15"><span class='ocrx_word' id='word_1_104' title='bbox 274 2393 418 2459; x_wconf 88' lang='lat' dir='ltr'><strong>tantum,</strong></span> <span class='ocrx_word' id='word_1_105' title='bbox 445 2382 499 2445; x_wconf 88' lang='lat' dir='ltr'><strong>sed</strong></span> <span class='ocrx_word' id='word_1_106' title='bbox 522 2382 672 2460; x_wconf 86' lang='lat' dir='ltr'><strong>juvenum</strong></span> <span class='ocrx_word' id='word_1_107' title='bbox 697 2377 811 2456; x_wconf 88' lang='lat' dir='ltr'><strong>simul,</strong></span> <span class='ocrx_word' id='word_1_108' title='bbox 834 2376 949 2458; x_wconf 91' lang='lat' dir='ltr'><strong>quibus</strong></span> <span class='ocrx_word' id='word_1_109' title='bbox 975 2391 1057 2443; x_wconf 90' lang='lat' dir='ltr'><strong>esset</strong></span> <span class='ocrx_word' id='word_1_110' title='bbox 1089 2381 1211 2445; x_wconf 55' lang='lat' dir='ltr'><strong>tradens</strong></span> 
     </span>
     <span class='ocr_line' id='line_1_18' title="bbox 273 2491 1208 2577; baseline 0.001 -16"><span class='ocrx_word' id='word_1_111' title='bbox 273 2497 332 2575; x_wconf 89' lang='lat' dir='ltr'><strong>da,</strong></span> <span class='ocrx_word' id='word_1_112' title='bbox 357 2493 479 2577; x_wconf 84' lang='lat' dir='ltr'><strong>ingenia</strong></span> <span class='ocrx_word' id='word_1_113' title='bbox 505 2491 731 2572; x_wconf 82' lang='lat' dir='ltr'><strong>explorabant3</strong></span> <span class='ocrx_word' id='word_1_114' title='bbox 766 2493 881 2559; x_wconf 90' lang='lat' dir='ltr'><strong>Cicero</strong></span> <span class='ocrx_word' id='word_1_115' title='bbox 910 2508 1034 2575; x_wconf 90' lang='lat' dir='ltr'><strong>autem,</strong></span> <span class='ocrx_word' id='word_1_116' title='bbox 1067 2495 1208 2562; x_wconf 89' lang='lat' dir='ltr'><strong>Platonis</strong></span> 
     </span>
     <span class='ocr_line' id='line_1_19' title="bbox 275 2600 1209 2697; baseline 0.002 -19"><span class='ocrx_word' id='word_1_117' title='bbox 275 2615 393 2690; x_wconf 90' lang='lat' dir='ltr'><strong>instar,</strong></span> <span class='ocrx_word' id='word_1_118' title='bbox 415 2600 627 2675; x_wconf 84' lang='lat' dir='ltr'><strong>adolescentes</strong></span> <span class='ocrx_word' id='word_1_119' title='bbox 648 2611 725 2675; x_wconf 89' lang='lat' dir='ltr'><strong>adeo</strong></span> <span class='ocrx_word' id='word_1_120' title='bbox 748 2611 779 2675; x_wconf 93' lang='lat' dir='ltr'><strong>in</strong></span> <span class='ocrx_word' id='word_1_121' title='bbox 806 2610 936 2696; x_wconf 84' lang='lat' dir='ltr'><strong>dialogis</strong></span> <span class='ocrx_word' id='word_1_122' title='bbox 957 2612 1104 2695; x_wconf 86' lang='lat' dir='ltr'><strong>induxit,</strong></span> <span class='ocrx_word' id='word_1_123' title='bbox 1127 2634 1209 2697; x_wconf 68' lang='lat' dir='ltr'><strong>qum</strong></span> 
     </span>
     <span class='ocr_line' id='line_1_20' title="bbox 272 2726 1206 2809; baseline -0.001 -15"><span class='ocrx_word' id='word_1_124' title='bbox 272 2748 342 2794; x_wconf 92' lang='lat' dir='ltr'><strong>rum</strong></span> <span class='ocrx_word' id='word_1_125' title='bbox 368 2726 489 2807; x_wconf 86' lang='lat' dir='ltr'><strong>studia,</strong></span> <span class='ocrx_word' id='word_1_126' title='bbox 524 2744 651 2807; x_wconf 88' lang='lat' dir='ltr'><strong>mores,</strong></span> <span class='ocrx_word' id='word_1_127' title='bbox 683 2726 776 2791; x_wconf 90' lang='lat' dir='ltr'><strong>animi</strong></span> <span class='ocrx_word' id='word_1_128' title='bbox 805 2728 921 2793; x_wconf 92' lang='lat' dir='ltr'><strong>candor</strong></span> <span class='ocrx_word' id='word_1_129' title='bbox 951 2743 983 2792; x_wconf 91' lang='lat' dir='ltr'><strong>et</strong></span> <span class='ocrx_word' id='word_1_130' title='bbox 1010 2729 1206 2809; x_wconf 85' lang='lat' dir='ltr'><strong>generositas</strong></span> 
     </span>
     <span class='ocr_line' id='line_1_21' title="bbox 273 2842 1209 2927; baseline -0.004 -15"><span class='ocrx_word' id='word_1_131' title='bbox 273 2863 340 2913; x_wconf 91' lang='lat' dir='ltr'><strong>non</strong></span> <span class='ocrx_word' id='word_1_132' title='bbox 367 2847 489 2927; x_wconf 89' lang='lat' dir='ltr'><strong>placent</strong></span> <span class='ocrx_word' id='word_1_133' title='bbox 510 2853 631 2907; x_wconf 91' lang='lat' dir='ltr'><strong>tantum</strong></span> <span class='ocrx_word' id='word_1_134' title='bbox 657 2842 836 2924; x_wconf 85' lang='lat' dir='ltr'><strong>legentibus</strong></span> <span class='ocrx_word' id='word_1_135' title='bbox 866 2843 1017 2921; x_wconf 86' lang='lat' dir='ltr'><strong>mirifice,</strong></span> <span class='ocrx_word' id='word_1_136' title='bbox 1040 2845 1095 2908; x_wconf 89' lang='lat' dir='ltr'><strong>sed</strong></span> <span class='ocrx_word' id='word_1_137' title='bbox 1117 2843 1209 2923; x_wconf 91' lang='lat' dir='ltr'><strong>quale</strong></span> 
     </span>
     <span class='ocr_line' id='line_1_22' title="bbox 264 2944 1209 3044; baseline -0.003 -15"><span class='ocrx_word' id='word_1_138' title='bbox 264 2944 317 3031; x_wconf 84' lang='lat' dir='ltr'><strong>¹sit</strong></span> <span class='ocrx_word' id='word_1_139' title='bbox 342 2967 558 3044; x_wconf 89' lang='lat' dir='ltr'><strong>quantumque</strong></span> <span class='ocrx_word' id='word_1_140' title='bbox 582 2958 716 3024; x_wconf 88' lang='lat' dir='ltr'><strong>oratoris</strong></span> <span class='ocrx_word' id='word_1_141' title='bbox 744 2976 882 3039; x_wconf 90' lang='lat' dir='ltr'><strong>munus,</strong></span> <span class='ocrx_word' id='word_1_142' title='bbox 903 2973 922 3024; x_wconf 86' lang='lat' dir='ltr'><strong>e</strong></span> <span class='ocrx_word' id='word_1_143' title='bbox 943 2978 1004 3024; x_wconf 90' lang='lat' dir='ltr'><strong>suo</strong></span> <span class='ocrx_word' id='word_1_144' title='bbox 1029 2959 1090 3042; x_wconf 91' lang='lat' dir='ltr'><strong>ipsi</strong></span> <span class='ocrx_word' id='word_1_145' title='bbox 1119 2959 1209 3044; x_wconf 82' lang='lat' dir='ltr'><strong>inge·</strong></span> 
     </span>
     <span class='ocr_line' id='line_1_23' title="bbox 272 3076 1207 3163; baseline -0.002 -16"><span class='ocrx_word' id='word_1_146' title='bbox 272 3079 328 3147; x_wconf 91' lang='lat' dir='ltr'><strong>nio</strong></span> <span class='ocrx_word' id='word_1_147' title='bbox 355 3079 567 3163; x_wconf 86' lang='lat' dir='ltr'><strong>augurandum</strong></span> <span class='ocrx_word' id='word_1_148' title='bbox 592 3076 754 3160; x_wconf 90' lang='lat' dir='ltr'><strong>praebent.</strong></span> <span class='ocrx_word' id='word_1_149' title='bbox 816 3076 860 3141; x_wconf 89' lang='lat' dir='ltr'><strong>Et</strong></span> <span class='ocrx_word' id='word_1_150' title='bbox 890 3077 935 3142; x_wconf 92' lang='lat' dir='ltr'><strong>sic</strong></span> <span class='ocrx_word' id='word_1_151' title='bbox 969 3077 1093 3160; x_wconf 86' lang='lat' dir='ltr'><strong>quidem</strong></span> <span class='ocrx_word' id='word_1_152' title='bbox 1122 3097 1207 3145; x_wconf 90' lang='lat' dir='ltr'><strong>nunc</strong></span> 
     </span>
    </p>

    <p class='ocr_par' dir='ltr' id='par_1_3' title="bbox 238 3179 1208 3394">
     <span class='ocr_line' id='line_1_24' title="bbox 238 3179 1208 3279; baseline -0.001 -17"><span class='ocrx_word' id='word_1_153' title='bbox 238 3179 242 3183; x_wconf 33' lang='lat'>⁵</span> <span class='ocrx_word' id='word_1_154' title='bbox 274 3199 369 3263; x_wconf 91' lang='lat' dir='ltr'><strong>nohis</strong></span> <span class='ocrx_word' id='word_1_155' title='bbox 397 3215 435 3260; x_wconf 84' lang='lat' dir='ltr'><strong>ex</strong></span> <span class='ocrx_word' id='word_1_156' title='bbox 463 3196 616 3276; x_wconf 88' lang='lat' dir='ltr'><strong>praeclara</strong></span> <span class='ocrx_word' id='word_1_157' title='bbox 643 3192 698 3256; x_wconf 89' lang='lat' dir='ltr'><strong>hac</strong></span> <span class='ocrx_word' id='word_1_158' title='bbox 721 3191 804 3275; x_wconf 90' lang='lat' dir='ltr'><strong>apud</strong></span> <span class='ocrx_word' id='word_1_159' title='bbox 828 3193 988 3259; x_wconf 90' lang='lat' dir='ltr'><strong>Platonem</strong></span> <span class='ocrx_word' id='word_1_160' title='bbox 1008 3194 1208 3279; x_wconf 82' lang='lat' dir='ltr'><strong>ingeniorum</strong></span> 
     </span>
     <span class='ocr_line' id='line_1_25' title="bbox 275 3309 1208 3394; baseline -0.006 -14"><span class='ocrx_word' id='word_1_161' title='bbox 275 3311 509 3394; x_wconf 84' lang='lat' dir='ltr'><strong>descriptione,</strong></span> <span class='ocrx_word' id='word_1_162' title='bbox 533 3325 612 3389; x_wconf 88' lang='lat' dir='ltr'><strong>quae</strong></span> <span class='ocrx_word' id='word_1_163' title='bbox 634 3315 745 3375; x_wconf 76' lang='lat' dir='ltr'><strong>natura</strong></span> <span class='ocrx_word' id='word_1_164' title='bbox 776 3309 997 3394; x_wconf 89' lang='lat' dir='ltr'><strong>philosophiae</strong></span> <span class='ocrx_word' id='word_1_165' title='bbox 1029 3325 1105 3377; x_wconf 92' lang='lat' dir='ltr'><strong>sunt</strong></span> <span class='ocrx_word' id='word_1_166' title='bbox 1131 3329 1208 3375; x_wconf 66' lang='lat' dir='ltr'><strong>con-</strong></span> 
     </span>
    </p>

    <p class='ocr_par' dir='ltr' id='par_1_4' title="bbox 214 3407 1209 3972">
     <span class='ocr_line' id='line_1_26' title="bbox 214 3407 1208 3511; baseline -0.01 -14"><span class='ocrx_word' id='word_1_167' title='bbox 214 3407 217 3419; x_wconf 46' lang='grc'><em>’</em></span> <span class='ocrx_word' id='word_1_168' title='bbox 274 3426 454 3508; x_wconf 81' lang='lat' dir='ltr'><strong>venientia,</strong></span> <span class='ocrx_word' id='word_1_169' title='bbox 485 3426 716 3509; x_wconf 90' lang='lat' dir='ltr'><strong>disciplinarum</strong></span> <span class='ocrx_word' id='word_1_170' title='bbox 741 3427 816 3492; x_wconf 90' lang='lat' dir='ltr'><strong>item</strong></span> <span class='ocrx_word' id='word_1_171' title='bbox 840 3426 1006 3511; x_wconf 87' lang='lat' dir='ltr'><strong>ipsiusque</strong></span> <span class='ocrx_word' id='word_1_172' title='bbox 1031 3425 1107 3489; x_wconf 88' lang='lat' dir='ltr'><strong>adeo</strong></span> <span class='ocrx_word' id='word_1_173' title='bbox 1136 3424 1208 3506; x_wconf 56' lang='lat' dir='ltr'><strong>phi*</strong></span> 
     </span>
     <span class='ocr_line' id='line_1_27' title="bbox 275 3539 1208 3628; baseline -0.009 -16"><span class='ocrx_word' id='word_1_174' title='bbox 275 3545 439 3628; x_wconf 86' lang='lat' dir='ltr'><strong>losophiae</strong></span> <span class='ocrx_word' id='word_1_175' title='bbox 467 3543 517 3611; x_wconf 89' lang='lat' dir='ltr'><strong>vis</strong></span> <span class='ocrx_word' id='word_1_176' title='bbox 542 3559 573 3610; x_wconf 95' lang='lat' dir='ltr'><strong>et</strong></span> <span class='ocrx_word' id='word_1_177' title='bbox 601 3544 802 3628; x_wconf 86' lang='lat' dir='ltr'><strong>propositum</strong></span> <span class='ocrx_word' id='word_1_178' title='bbox 829 3543 1004 3610; x_wconf 84' lang='lat' dir='ltr'><strong>evidentius</strong></span> <span class='ocrx_word' id='word_1_179' title='bbox 1037 3539 1128 3605; x_wconf 91' lang='lat' dir='ltr'><strong>etiam</strong></span> <span class='ocrx_word' id='word_1_180' title='bbox 1152 3561 1208 3624; x_wconf 57' lang='lat' dir='ltr'><strong>pas</strong></span> 
     </span>
     <span class='ocr_line' id='line_1_28' title="bbox 275 3656 1209 3748; baseline -0.005 -18"><span class='ocrx_word' id='word_1_181' title='bbox 275 3678 355 3730; x_wconf 87' lang='lat' dir='ltr'><strong>tent.</strong></span> <span class='ocrx_word' id='word_1_182' title='bbox 397 3663 494 3748; x_wconf 91' lang='lat' dir='ltr'><strong>Quod</strong></span> <span class='ocrx_word' id='word_1_183' title='bbox 524 3662 694 3740; x_wconf 83' lang='lat' dir='ltr'><strong>Socrates,</strong></span> <span class='ocrx_word' id='word_1_184' title='bbox 717 3662 766 3726; x_wconf 92' lang='lat' dir='ltr'><strong>his</strong></span> <span class='ocrx_word' id='word_1_185' title='bbox 793 3657 906 3738; x_wconf 88' lang='lat' dir='ltr'><strong>dictis,</strong></span> <span class='ocrx_word' id='word_1_186' title='bbox 928 3656 998 3738; x_wconf 89' lang='lat' dir='ltr'><strong>ipse</strong></span> <span class='ocrx_word' id='word_1_187' title='bbox 1019 3656 1209 3725; x_wconf 76' lang='lat' dir='ltr'><strong>animadver-</strong></span> 
     </span>
     <span class='ocr_line' id='line_1_29' title="bbox 276 3773 1206 3862; baseline -0.009 -12"><span class='ocrx_word' id='word_1_188' title='bbox 276 3782 329 3850; x_wconf 80' lang='lat' dir='ltr'><strong>tit.</strong></span> <span class='ocrx_word' id='word_1_189' title='bbox 377 3785 465 3854; x_wconf 81' lang='grc' dir='ltr'><strong>Ἔςιν</strong></span> <span class='ocrx_word' id='word_1_190' title='bbox 494 3782 541 3852; x_wconf 80' lang='grc' dir='ltr'><strong>οὖν</strong></span> <span class='ocrx_word' id='word_1_191' title='bbox 572 3783 628 3858; x_wconf 76' lang='grc' dir='ltr'><strong>ὅπη</strong></span> <span class='ocrx_word' id='word_1_192' title='bbox 655 3783 765 3862; x_wconf 65' lang='grc' dir='ltr'><strong><em>μέμψῃ</em></strong></span> <span class='ocrx_word' id='word_1_193' title='bbox 799 3781 926 3843; x_wconf 78' lang='grc' dir='ltr'><strong>τοιοῦτον</strong></span> <span class='ocrx_word' id='word_1_194' title='bbox 958 3778 1163 3858; x_wconf 64' lang='grc' dir='ltr'><strong>ἐπιτήδευμα,</strong></span> <span class='ocrx_word' id='word_1_195' title='bbox 1191 3773 1206 3842; x_wconf 79' lang='grc' dir='ltr'>ὃ</span> 
     </span>
     <span class='ocr_line' id='line_1_30' title="bbox 1152 3915 1208 3972; baseline -0.107 0"><span class='ocrx_word' id='word_1_196' title='bbox 1152 3915 1208 3972; x_wconf 67' lang='grc' dir='ltr'><strong>μη·</strong></span> 
     </span>
    </p>
   </div>
   <div class='ocr_carea' id='block_1_3' title="bbox 241 4022 880 4121">
    <p class='ocr_par' dir='ltr' id='par_1_5' title="bbox 241 4022 880 4121">
     <span class='ocr_line' id='line_1_31' title="bbox 241 4022 880 4121; baseline -0.023 -19"><span class='ocrx_word' id='word_1_197' title='bbox 241 4022 245 4028; x_wconf 73' lang='grc'><strong>”</strong></span> <span class='ocrx_word' id='word_1_198' title='bbox 311 4047 353 4121; x_wconf 71' lang='grc' dir='ltr'><strong>(ι)</strong></span> <span class='ocrx_word' id='word_1_199' title='bbox 373 4045 417 4099; x_wconf 70' lang='lat' dir='ltr'><strong>ne</strong></span> <span class='ocrx_word' id='word_1_200' title='bbox 434 4043 501 4111; x_wconf 69' lang='lat' dir='ltr'><strong>nep.</strong></span> <span class='ocrx_word' id='word_1_201' title='bbox 520 4037 572 4095; x_wconf 88' lang='lat' dir='ltr'><strong>vr.</strong></span> <span class='ocrx_word' id='word_1_202' title='bbox 590 4039 649 4095; x_wconf 78' lang='lat' dir='ltr'><strong>aas.</strong></span> <span class='ocrx_word' id='word_1_203' title='bbox 668 4038 704 4092; x_wconf 79' lang='lat' dir='ltr'><strong>n.</strong></span> <span class='ocrx_word' id='word_1_204' title='bbox 722 4052 757 4082; x_wconf 52' lang='grc' dir='ltr'><strong>ι-</strong></span> <span class='ocrx_word' id='word_1_205' title='bbox 774 4037 825 4090; x_wconf 74' lang='lat' dir='ltr'><strong>aas</strong></span> <span class='ocrx_word' id='word_1_206' title='bbox 843 4035 880 4088; x_wconf 88' lang='lat' dir='ltr'><strong>n.</strong></span> 
     </span>
    </p>
   </div>
   <div class='ocr_carea' id='block_1_4' title="bbox 0 0 1500 5220">
    <p class='ocr_par' dir='ltr' id='par_1_6' title="bbox 0 0 1500 5220">
     <span class='ocr_line' id='line_1_32' title="bbox 0 0 1500 5220; baseline 0 0"><span class='ocrx_word' id='word_1_207' title='bbox 0 0 1500 5220; x_wconf 95' lang='lat' dir='ltr'><strong> </strong></span> 
     </span>
    </p>
   </div>
  </div>
 </body>
</html>
