2992 5220
668 458 842 527 -n-

285 623 417 693 homini.
482 623 695 692 Veruntamen
724 638 822 704 sunt,
864 619 920 705 qui
945 618 1108 702 dubitent,
1140 632 1218 689 sunt

285 741 340 823 qui
362 741 515 826 justitiam
548 759 613 807 rem
645 757 716 804 esse
747 741 868 806 inanem
906 738 1129 822 contendant,
1158 740 1216 821 qui
1314 728 1319 738 ’

281 856 386 922 Deum
415 873 488 922 esse
513 869 545 919 et
571 852 802 937 prouidentiam
822 853 957 920 divinam
978 864 1118 936 negent,
1141 867 1217 916 sune

282 972 338 1054 qui
362 971 437 1035 haec
458 968 552 1033 nobis
568 968 754 1051 persuadere
774 968 896 1039 idoneis
910 969 1092 1037 rationibus
1115 967 1218 1045 nitan-
1287 1015 1288 1019 ,

280 1102 346 1153 tur.
388 1087 425 1152 ln
449 1086 543 1152 rebus
569 1104 646 1152 vero
676 1085 900 1153 mathematicis
922 1107 988 1155 non
1007 1101 1133 1154 tantum
1162 1104 1222 1153 ves

230 1183 233 1189 ⁴
267 1223 315 1288 ‚ra
344 1217 419 1269 sunt
441 1201 570 1281 omnia,
609 1180 688 1283 sed,
720 1203 799 1283 quin
822 1202 888 1268 sint
906 1223 1012 1284 nera,
1044 1222 1136 1271 nemo
1166 1217 1217 1270 est

280 1319 336 1403 qui
362 1318 506 1385 dubitat:
540 1338 606 1400 quo
640 1318 703 1400 iit,
725 1333 785 1398 ut,
807 1338 880 1384 cum
909 1321 1017 1402 plenae
1045 1320 1111 1384 sint
1139 1338 1218 1392 con·

280 1438 501 1503 troversiarum
521 1449 660 1502 camene
691 1436 853 1502 doctrinae
881 1453 1014 1517 omnes,
1044 1436 1102 1503 hae
1130 1439 1217 1503 solae

280 1555 449 1622 omniaevo
459 1574 564 1621 earum
575 1552 694 1621 fuerint
705 1554 870 1624 immunes.
886 1552 1010 1619 Scilicet
1020 1567 1129 1620 natura
1140 1554 1215 1620 haec

279 1689 329 1740 est
349 1672 561 1739 arithmeticae
588 1685 620 1736 et
646 1671 847 1751 matheseos,
878 1684 916 1735 ut
944 1670 1041 1735 menti
1067 1671 1130 1751 sint
1152 1670 1217 1736 hus

280 1808 388 1855 manae
406 1788 554 1872 propriae
580 1802 612 1851 et
639 1786 764 1854 veritati
791 1800 959 1871 cognatae:
982 1785 1029 1854 sic
1048 1787 1119 1854 illae
1139 1802 1224 1854 sunt·

280 1905 400 1970 homini
427 1905 597 1988 propriae,
634 1920 672 1971 ut
709 1904 764 1987 qui
799 1920 864 1969 non
896 1923 947 1971 eas
972 1918 1083 1984 tenet,
1127 1905 1214 1986 quod

281 2022 375 2088 modo
404 2018 528 2086 Glauco
568 2017 669 2096 dixit,
711 2021 827 2083 homo
866 2038 926 2080 non
961 2021 1003 2082 sit
1035 2017 1222 2104 putandus.-

279 2137 492 2224 Quamobrem
519 2116 585 2216 quo
617 2132 690 2215 quis
728 2145 776 2197 est
807 2131 913 2197 indole
941 2131 1081 2198 veritatis
1110 2151 1216 2198 antan-

276 2250 363 2335 tior'‚
384 2273 423 2321 eo
444 2267 478 2319 et
500 2250 603 2335 diligit
623 2250 680 2316 has
704 2248 823 2333 magis,
852 2263 884 2314 et
908 2249 1006 2334 magis
1027 2267 1084 2330 pet
1105 2268 1210 2317 earum

277 2373 421 2456 studium
446 2369 485 2435 ad
509 2367 671 2435 veritatem
701 2365 842 2432 enititur.
898 2365 935 2430 Id
969 2366 1067 2432 Plato·
1089 2381 1212 2451 specta·

276 2491 348 2569 vit,
370 2506 467 2571 quum
489 2487 618 2553 trahere
645 2483 720 2549 haee
748 2483 851 2548 studia
877 2482 917 2548 ad
930 2482 1118 2566 veritatem,
1140 2489 1211 2556 iae·

275 2611 348 2678 rasit
374 2622 445 2670 esse
465 2608 536 2688 πρὸς
561 2605 662 2672 virias
692 2599 821 2666 diceret.
876 2599 938 2666 Sed
966 2599 1025 2665 alia
1054 2601 1211 2685 spectavit

277 2724 375 2802 item,
405 2720 484 2787 illud
514 2717 719 2802 praesertim,
748 2716 789 2782 ad
818 2715 1054 2783 discernendum
1083 2718 1117 2784 in
1145 2720 1210 2802 pri·

275 2839 336 2906 mis
365 2851 398 2905 et
425 2834 628 2923 judicandum
657 2847 792 2900 mentem
826 2852 938 2901 acuere
970 2836 1205 2904 arithmeticam.
1296 2868 1307 2881 ν

218 2990 219 2994 =
275 2956 313 3021 In
343 2955 460 3037 quibus
488 2951 636 3018 omnibus
658 2971 677 3017 a
703 2952 903 3035 Pythagoreis
932 2951 1108 3034 profecisse
1126 2956 1208 3021 mul·

274 3083 341 3132 tum
376 3067 523 3147 videtur,
555 3068 617 3133 sed¹
635 3085 728 3132 suum
757 3081 859 3131 tamen
888 3066 948 3131 iter
979 3082 1107 3133 secutam
1139 3066 1204 3135 esta

276 3182 365 3266 quod
413 3183 645 3264 comparatione
694 3182 839 3250 instituti
883 3181 976 3250 facile
1015 3185 1209 3253 demonstra·

275 3314 341 3365 tur.

317 3416 368 3482 De
392 3413 530 3480 numeris
563 3413 832 3511 Pythagoreorum
859 3419 944 3486 omni
977 3438 1056 3486 aevo
1090 3422 1208 3506 gravis·

275 3534 372 3600 simae
401 3531 531 3599 fuerunt
558 3530 765 3614 interpretum
793 3533 1030 3616 dissensiones,
1071 3556 1206 3619 quorum

273 3649 325 3717 alii
354 3648 429 3714 haec
452 3648 584 3732 placita,
607 3662 643 3713 ut
673 3648 757 3732 aegri
773 3647 884 3732 capitis
903 3651 1045 3732 somnia,
1068 3670 1209 3723 contem·

216 3816 219 3823 .
273 3775 407 3843 serunt,
438 3761 488 3826 aiii
510 3777 554 3830 .et
589 3766 689 3845 major
720 3765 799 3832 adeo
820 3791 823 3797 ’
837 3747 911 3850 pars
942 3764 1062 3856 fontem
1093 3771 1212 3840 habuc·

274 3893 349 3948 nant
380 3878 559 3947 reconditae
582 3880 752 3965 cujusdam
765 3896 798 3949 et
820 3884 963 3966 quamvis
989 3885 1044 3952 vir
1060 3890 1213 3971 perviae‚·

273 4015 412 4066 summae
440 3997 753 4080 tanensapiennae.
818 3999 879 4079 His
900 4000 1112 4088 'relinquimus
1147 4023 1208 4071 nos

333 4130 336 4135 ’
727 4115 759 4187 l)
1107 4117 1209 4189 liben-
