2992 5220
831 471 1025 537 ...ηε-ι

475 653 598 719 filerunt
616 652 729 730 dicta,
759 651 851 735 piane
888 651 957 734 ipse
977 648 1138 732 loquendo
1161 646 1274 716 referat
1299 650 1403 733 expri-

477 781 615 850 mttque·
660 766 751 837 Turn
767 785 785 833 a
800 765 974 849 disciplinis
995 784 1139 833 sermone
1158 767 1197 832 ud
1222 766 1404 852 sapientiam

474 898 508 953 et
523 884 683 953 scientiam
702 883 869 964 traducto,
891 882 1014 965 quaerit
1033 881 1218 949 descientia
1236 881 1406 964 Socrates,

442 994 450 1011 '
477 1000 554 1084 quid
572 1001 694 1069 taudem
718 998 773 1067 sit.
817 1000 881 1068 Hic
903 999 1098 1067 Theaetetus
1118 999 1316 1086 geometriam
1340 1017 1407 1066 me·

475 1135 597 1189 morare
622 1117 764 1200 aliasque
794 1117 976 1197 doctrinas,
1009 1135 1091 1198 quae
1119 1117 1268 1183 scientiae
1291 1135 1409 1185 vocan-

474 1249 551 1317 tur;
574 1234 720 1303 Socrates
742 1250 818 1300 vero
836 1249 1005 1315 reponere:
1035 1250 1187 1314 generose
1216 1247 1254 1298 tu
1279 1235 1408 1315 quidem

474 1365 508 1418 et
532 1349 721 1430 liberaliter,
742 1347 937 1430 Theaetete‚
961 1367 1052 1415 unam
1072 1363 1200 1434 rogatus
1221 1349 1407 1434 scientiam,

476 1467 593 1537 multas
621 1465 716 1535 nobis
748 1479 779 1531 et
812 1465 912 1533 varias
945 1464 1089 1549 largiris3
1124 1484 1184 1551 ego
1216 1484 1291 1532 vero
1317 1485 1406 1548 non,

477 1599 559 1667 quot
589 1583 653 1651 sint
682 1597 714 1649 et
742 1584 850 1664 quales
880 1581 1047 1668 selemim,
1069 1583 1201 1665 rogavi,
1223 1583 1313 1665 quasi
1331 1603 1409 1650 enu-

476 1700 640 1773 merandae
657 1713 765 1765 essent
785 1697 902 1779 nobis,
924 1700 980 1764 sed
996 1698 1065 1782 ipsa
1085 1699 1213 1766 scientia
1233 1700 1311 1783 quid
1330 1701 1386 1768 sit.

519 1813 647 1903 Quibus
675 1813 829 1883 &citatus
861 1815 1077 1909 Theaetetus,
1111 1819 1217 1884 statim
1250 1833 1410 1888 setotum

478 1946 513 2001 ct
538 1931 675 2016 explicat
703 1947 736 1999 ct
762 1933 912 2000 ostendit.
963 1933 1122 2020 Quaerere
1151 1935 1247 2016 mibi,
1281 1935 1409 2019 inquit,

477 2049 617 2132 videris,
641 2051 807 2132 Socrates,
828 2053 891 2117 tale
911 2050 1012 2134 quid,
1035 2053 1128 2134 quale
1149 2073 1221 2118 curn
1240 2052 1302 2118 hoc
1322 2071 1410 2118 com·

479 2168 623 2238 militane
652 2185 746 2247 meo,
778 2181 882 2234 tecum
910 2167 1121 2251 cognomine,
1142 2167 1182 2235 de
1198 2167 1411 2252 potestatibus

478 2283 513 2351 iu
539 2283 732 2351 arithmetica
756 2284 940 2367 quaerenti,
972 2285 1007 2349 in
1036 2299 1173 2352 mentem
1201 2286 1276 2352 mihi
1300 2286 1409 2355 vertit:

478 2420 552 2470 cum
581 2402 645 2467 sint
672 2400 744 2467 illae
774 2419 904 2471 numero
934 2399 1096 2484 infinitae,
1117 2404 1294 2468 conandum
1315 2419 1412 2483 etse,

480 2533 530 2588 ut.
549 2518 584 2591 iu
612 2535 705 2586 uuam
732 2521 1071 2604 comprehenderentur
1090 2521 1252 2605 speciem,
1279 2539 1341 2603 qua
1360 2539 1415 2603 ap·

478 2637 669 2720 pellerentur
688 2650 829 2700 cunctae.
854 2635 890 2683 (¹)
916 2636 1014 2719 Quod
1043 2650 1213 2717 postquam
1239 2653 1311 2719 apte
1339 2639 1422 2715 doc-n
1455 2682 1458 2700 .

393 2829 395 2833 ¹
478 2764 584 2829 teque
601 2748 771 2830 exposuit,
810 2749 955 2815 Socrates
990 2749 1167 2830 admirans,
1201 2750 1323 2833 optime
1354 2770 1415 2816 vos

482 2865 648 2944 omnium,
679 2862 807 2947 inquit,
836 2883 859 2931 o
884 2864 996 2949 pueri:
1039 2866 1185 2947 quocirca
1221 2866 1414 2936 Theodorus

482 2983 560 3051 mihi
580 2983 707 3048 videtur
725 2999 791 3049 non
811 2980 884 3049 falsi
902 3000 973 3048 csse
990 2971 1163 3051 testimonii
1184 3003 1270 3052 reus.
1292 3023 1336 3038 -
1352 2987 1415 3053 Hic

482 3101 585 3169 solers
608 3098 811 3180 adolescens,
832 3098 940 3181 atqui,
962 3099 1088 3181 inquit,
1114 3119 1180 3167 non
1203 3121 1335 3186 possum
1356 3123 1415 3188 ego

481 3217 522 3284 sd
540 3235 601 3297 ea,
624 3234 706 3299 quae
725 3216 765 3282 de
792 3216 921 3283 scientia
949 3216 1156 3300 quaesivisti,
1178 3218 1225 3285 sic
1248 3221 1418 3304 respoude-

482 3454 688 3538 quamobrem
718 3451 816 3520 Falsus
845 3467 975 3536 apparet
1005 3454 1109 3519 denuo
1136 3453 1340 3524 Theodorus.
1369 3493 1418 3513 -

485 3569 573 3639 Tum
594 3571 670 3650 iile,
694 3570 800 3651 quidi
827 3570 890 3651 ait,
913 3571 942 3636 si
968 3571 995 3638 is
1016 3585 1048 3636 te
1066 3591 1086 3638 a
1102 3573 1249 3639 currendi
1269 3576 1418 3642 velocite-

485 3700 519 3753 te
540 3686 693 3766 laudans,
721 3688 843 3755 nullum
871 3707 906 3753 se
926 3688 1044 3753 diceret
1071 3689 1298 3753 adolescentem
1321 3687 1420 3753 vidis·

483 3821 542 3885 se,
564 3802 622 3886 qui
649 3804 983 3885 tancitocurrere13
1007 3820 1043 3869 tu
1073 3823 1149 3869 vero
1174 3821 1303 3872 currens
1332 3805 1422 3870 velo·

1375 3922 1420 3989 ci·

435 4103 440 4115 1
525 4035 567 4109 (ι)
586 4033 698 4088 'l'heaet
717 4033 764 4102 ¹47
783 4034 821 4086 D.
