2992 5220
654 464 825 533 *39-

273 636 491 716 aritlrutaticae,
507 632 621 719 periti,
643 631 782 705 numeris
806 629 872 699 iere
894 644 943 704 res
966 644 1134 710 corporeas
1156 627 1205 696 in-

274 755 481 839 telligerent,
524 751 612 833 ipsos
649 767 727 819 vero
769 764 943 830 eorumque
983 746 1207 829 proportiones

273 886 377 946 mente
408 887 473 937 non
506 868 717 950 explorarent.
760 864 889 950 Quibus
918 881 1007 931 suam
1037 859 1209 928 arithmeti-

275 1008 341 1059 caro
380 1000 550 1077 opponens
583 982 672 1049 Plato
711 983 884 1062 praeclarae
919 978 1102 1063 disciplinae
1129 975 1212 1043 divi-

277 1119 349 1166 nam
382 1101 444 1171 vim
474 1096 704 1180 utilitatemque
720 1096 869 1163 celebrat.
911 1070 1143 1176 Nosti⁸enim‚
1166 1094 1227 1160 sio.

277 1216 380 1301 pergit
407 1215 492 1302 apud
527 1233 598 1282 oum
643 1214 816 1294 Socrates,
858 1215 1118 1295 quemadmodum
1157 1213 1213 1296 qui

278 1333 386 1403 harum
413 1350 516 1400 rerunt
532 1331 716 1416 peritissimi
738 1346 839 1414 sont,
861 1331 888 1397 si
908 1329 980 1413 quis
997 1330 1101 1414 ipsum
1115 1350 1215 1398 unum

276 1448 399 1525 ratione
428 1448 566 1516 dividere
595 1463 746 1529 conatur,
770 1448 891 1516 rideant
913 1449 1061 1531 protinus
1086 1467 1144 1517 nee
1168 1446 1217 1516 fe·

280 1580 367 1648 rant;
387 1565 445 1632 sed
473 1565 501 1630 si
523 1581 558 1631 tu
578 1584 686 1646 secas,
709 1565 772 1648 ipsi
792 1566 1027 1650 multiplicant,
1050 1580 1217 1648 caventes,

281 1701 322 1750 ne
349 1682 475 1764 quaudo
499 1682 603 1766 ipsum
629 1701 725 1748 unum
760 1698 931 1767 appareat,
963 1683 1020 1749 sed
1050 1684 1220 1767 particulae

282 1799 446 1882 plurimae.
468 1835 512 1851 -
541 1797 627 1883 Quid
649 1798 745 1884 igitur
771 1800 954 1880 existimas,
976 1819 996 1865 ο
1019 1801 1167 1882 Glauco,
1191 1801 1220 1867 si

285 1912 358 1994 quis
392 1932 448 1980 eos
477 1916 519 1980 ito
543 1930 768 1998 percontetur:
792 1937 813 1981 o
841 1917 966 1982 mirifici
996 1917 1081 1998 viri,
1103 1918 1220 1999 quibus

285 2028 408 2094 undem
429 2029 475 2095 'de
495 2031 633 2095 numeris
652 2031 846 2112 disputatis,
868 2030 986 2112 quibua
1016 2048 1114 2095 unum
1140 2031 1223 2096 inest

286 2146 368 2225 tale,
402 2147 494 2225 quale
528 2163 589 2210 vos
622 2144 765 2225 traditis,
806 2147 936 2229 aequale
974 2149 1226 2230 unumquodque

287 2280 382 2332 omne
418 2262 528 2344 omni,
566 2280 672 2346 neque
699 2261 829 2328 minimo
869 2262 987 2344 quovis
1019 2262 1223 2348 discrepans,

288 2381 470 2463 nullamque
498 2379 530 2445 in
552 2397 588 2446 se
613 2394 731 2462 partem
751 2378 899 2446 habens?
920 2380 1007 2464 Quid
1034 2398 1089 2446 eos
1117 2379 1226 2447 existi·

289 2517 355 2566 mas
381 2500 511 2566 adhaec
539 2497 778 2582 responsuros?
802 2497 866 2564 Cui
887 2496 1035 2576 Glauco,
1057 2497 1118 2564 hoc
1136 2498 1229 2580 equi·

290 2614 387 2696 dem,
410 2615 537 2704 inquit,
559 2614 599 2680 de
630 2613 692 2680 illis
724 2631 761 2679 se
783 2613 873 2696 loqui
899 2615 1066 2697 numeris,
1090 2615 1145 2699 qui
1170 2635 1227 2682 co·

288 2730 381 2816 gitari
407 2731 556 2797 duntaxat
584 2743 746 2814 possunt,
775 2729 865 2795 aliter
899 2745 1002 2797 autern
1034 2732 1144 2819 attingi
1170 2716 1227 2800 ne·

291 2864 424 2932 queunt.
476 2847 561 2913 Tum
589 2846 762 2912 Socrates:
807 2847 910 2913 cernis
944 2847 1064 2931 igitur,
1097 2849 1227 2933 inquit,

291 2968 408 3049 amice,
438 2963 641 3037 necessariam
671 2962 765 3029 nobis
786 2981 898 3046 reapse
913 2964 1012 3028 videri
1033 2964 1229 3047 disciplinam

293 3082 394 3161 hanc,
415 3101 487 3151 cum
508 3095 600 3165 cogat
617 3087 696 3166 αὐτῇ
717 3093 756 3164 rai
777 3083 871 3159 νοήσει
900 3082 955 3158 τὴν
976 3083 1081 3164 ψυχὴν
1100 3085 1229 3165 χρῆσθαι

293 3200 343 3271 ἐπ’
370 3200 465 3274 aritia
486 3203 540 3276 ria
570 3202 721 3276 daedalea·
743 3194 777 3244 ‘¹¹
819 3195 922 3282 Quam
944 3210 1115 3280 postquam
1137 3196 1233 3264 disci·

296 3312 401 3399 plinae
431 3310 650 3396 praestantiam
683 3313 832 3395 exposuit
865 3314 1036 3396 Socrates,
1065 3313 1130 3380 vim
1150 3316 1233 3400 ejus

296 3432 330 3500 in
358 3430 522 3499 hominum
543 3426 666 3512 ingenia
687 3443 777 3494 acute
808 3431 1025 3513 deprehendit.
1069 3431 1158 3518 Quid
1175 3452 1234 3500 au·

298 3550 389 3618 remi
410 3547 555 3631 quaerit,
575 3563 615 3614 an
635 3558 668 3612 et
695 3543 758 3608 lroc
779 3544 1051 3631 animadvertisti?
1078 3553 1116 3625 aia
1145 3549 1176 3619 ai
1197 3578 1235 3620 aa

298 3672 391 3754 φύσει
421 3668 565 3749 mermi
599 3669 643 3743 tit
668 3666 776 3736 aalma
804 3666 847 3736 rai
871 3667 1065 3749 utilitato,
1098 3671 1136 3744 aa
1163 3669 1235 3746 iate

301 3791 417 3866 irata,
439 3788 518 3868 ditia
529 3787 717 3869 «ᾠαὶνοντιις
735 3783 773 3856 ai
783 3809 819 3855 ra
838 3786 961 3870 βραδεῖς
972 3818 998 3867 ,>
1013 3784 1052 3857 aia
1085 3786 1115 3856 ia
1138 3790 1235 3870 codro

1163 3928 1236 3974 wi·

338 4041 379 4113 (a)
400 4038 444 4095 De
460 4036 529 4108 uep.
547 4033 616 4105 vu.
632 4037 692 4096 525·
711 4036 751 4092 Dr
766 4037 801 4092 E.
818 4046 845 4092 et
861 4036 923 4104 oat.
941 4017 988 4094 A.
