2992 5220
777 428 947 491 ..16-

389 642 438 725 rqr
459 640 548 708 αὑτὸν
568 637 704 718 ποταμὸν
735 641 787 704 οὐκ
812 639 851 708 ἂν
871 641 989 721 idaiae·
1013 637 1046 682 ‘¹'
1090 640 1131 707 In
1157 641 1236 731 rdent
1253 643 1321 729 flu.

388 775 456 819 rnen
472 752 517 819 bis
538 773 598 819 non
616 749 805 818 descendas:
827 771 921 836 narn,
941 755 1183 839 praeterfluente
1209 764 1317 844 aqui,

388 868 472 935 aliud
511 866 635 953 semper
667 867 785 935 flumen
822 884 883 936 est.
907 850 910 854 ¹
936 871 1012 954 Sic,
1045 875 1156 958 ajunt,
1193 873 1228 943 in
1256 877 1318 942 hoc

389 970 480 1067 quasi
501 983 629 1050 flumine
649 1002 752 1051 retum
778 987 941 1069 omniurn,
970 1008 1036 1074 quo
1056 991 1237 1083 agitamur,
1256 1012 1320 1061 no·

387 1100 472 1167 mine
501 1101 648 1167 dicuntur
678 1100 800 1186 singula
820 1101 925 1168 eadem
956 1121 1052 1187 esse,
1074 1123 1109 1171 re
1128 1121 1233 1174 autem
1252 1079 1320 1179 non

288 1240 290 1245 ·
387 1233 474 1285 sunt.
518 1218 627 1302 Quid?
650 1217 738 1299 quod
765 1217 861 1279 homo
881 1215 976 1298 ipse,
998 1234 1085 1282 mern
1112 1221 1190 1286 adeo
1217 1200 1320 1290 horni-

386 1335 461 1423 nis,
493 1351 573 1414 quae
605 1330 737 1413 inquirit
768 1329 801 1397 in
817 1348 961 1414 oerum,
994 1345 1132 1400 mutatur
1162 1339 1317 1420 semper?

386 1450 527 1517 lnfluunt
555 1449 589 1514 in
620 1467 688 1515 eam
718 1448 913 1544 extrinsecus
948 1465 1028 1531 res,
1056 1426 1155 1534 quod·
1172 1450 1319 1539 discere,

387 1569 515 1636 effluunt
554 1564 627 1631 inde
656 1564 796 1648 pariter,
847 1564 934 1647 quod
981 1565 1117 1635 oblivisci
1150 1587 1314 1641 vocamus.

318 1733 323 1745 .
386 1683 474 1775 Quid
506 1681 603 1766 igitur
628 1680 837 1764 relinquitur,
858 1681 947 1765 quod
975 1701 1046 1750 esse
1074 1698 1245 1754 statuamus
1266 1709 1319 1758 νε·

385 1804 487 1869 rum?
509 1798 562 1865 Sic
588 1798 651 1865 illi:
675 1813 707 1866 et
724 1799 893 1884 proferto,
915 1818 985 1866 narn
1007 1802 1086 1883 quid
1099 1789 1340 1873 -dlffiternurl‘

386 1937 451 1986 non
482 1920 574 2003 plane
603 1917 735 1985 absurda
753 1916 942 2001 proferunt,
962 1930 995 1983 et
1024 1920 1194 1987 sententias
1225 1919 1318 1989 emit·

387 2051 459 2127 tunt
479 2037 635 2118 subinde,
662 2034 858 2119 sapientiae,
889 2049 926 2100 ut
950 2034 1085 2116 videtur,
1120 2038 1249 2120 plenas:
1282 2037 1315 2103 in

386 2144 436 2211 his
460 2145 666 2226 Protagoras,
700 2141 898 2225 Sophisticae
924 2153 1037 2223 pater,
1071 2139 1126 2223 qui
1147 2158 1213 2206 non
1237 2159 1316 2225 pue·

385 2260 449 2344 ris,
471 2278 536 2326 non
570 2260 686 2343 vulgo,
707 2274 773 2323 non
802 2254 939 2322 credulis
962 2254 1166 2338 hominibus,
1187 2271 1224 2322 ut
1247 2275 1317 2324 cae·

385 2377 444 2444 teri
470 2378 637 2462 plerique,
658 2375 784 2441 inventa
810 2392 866 2439 sua
891 2373 1051 2460 probare,
1083 2373 1140 2439 sed
1159 2372 1262 2439 doctis
1284 2387 1316 2439 et

384 2491 588 2580 philosophis
618 2490 762 2559 studuitt
797 2490 828 2537 (ὴ
857 2487 1079 2572 pronunciavit
1108 2488 1136 2554 is
1163 2503 1196 2555 et
1227 2489 1316 2557 libris

384 2607 583 2692 consignavit
604 2606 748 2672 effatum:
784 2608 905 2675 πάντων
928 2609 1095 2690 χρημάτων
1115 2606 1316 2691 responsioni

385 2729 544 2811 ἄνθρωπον·
580 2702 714 2788 omniunt
741 2740 850 2787 rernm
880 2744 1057 2790 mensurant
1076 2726 1227 2791 hominem
1240 2747 1314 2813 este.

388 2842 486 2929 Quod
524 2859 589 2906 non
622 2856 714 2905 sane‘
733 2857 839 2904 carere
868 2838 1140 2909 verisimilitudine
1178 2838 1313 2923 videtur.

328 3024 333 3033 ,
387 2956 479 3043 Quae
504 2955 586 3024 enim
618 2953 688 3019 aliis
721 2953 824 3019 dulcia
843 2952 1013 3036 videntur,
1046 2934 1318 3053 amaravident'ur

386 3073 476 3139 aliis:
498 3073 633 3155 aegrotis
654 3069 757 3136 eadem
778 3070 886 3152 aliter,
910 3091 1003 3153 quam
1019 3071 1122 3152 sanis,
1144 3083 1314 3155 apparent:

354 3214 359 3231 ·
389 3188 486 3255 eidtrn
506 3187 583 3253 adeo
605 3186 723 3252 homini
742 3186 822 3252 idem
845 3185 906 3252 alio
924 3201 1075 3272 ,tempore
1108 3185 1233 3271 placet,
1254 3176 1316 3255 alio

387 3305 545 3392 displicet.
570 3308 602 3352 ‘³³
633 3304 685 3372 Fit
711 3306 798 3387 hoc,
821 3304 889 3386 ait,
912 3304 973 3384 ita,
996 3303 1069 3388 quia
1090 3288 1124 3371 in
1149 3288 1243 3380 rebus
1265 3286 1319 3395 juss
1354 3291 1357 3297 ¹

388 3423 524 3493 ditandis
550 3424 647 3491 homo
670 3421 794 3489 sibimet
815 3421 886 3506 ipse
906 3420 997 3505 quasi
1023 3440 1197 3492 mensutam
1224 3442 1316 3513 prae.

988 3630 993 3639 .
1260 3542 1316 3645 ber

423 3656 476 3732 (r)
494 3657 600 3726 cratyl.
619 3655 667 3712 26⁵
689 3657 723 3709 Δ.
741 3663 769 3708 et
785 3654 900 3708 Thesei.
918 3656 1019 3734 1281‘3
1046 3654 1189 3737 ¹Explicuit
1205 3662 1318 3709 tantm-

388 3760 453 3811 iiem
463 3754 576 3808 maxime
592 3751 715 3818 Seneca,
735 3750 787 3821 Ep.
804 3753 848 3808 58.
866 3752 901 3804 V·
921 3734 1059 3823 wyttenit.
1077 3752 1111 3804 td
1128 3750 1201 3841 2132.
1218 3736 1317 3815 ,ἀπ’Β.

389 3856 427 3914 Ν.
446 3855 480 3911 V·
497 3872 525 3923 p·
541 3853 584 3926 γᾶ·
661 3853 704 3923 (a)
723 3851 831 3922 Pronq.
849 3848 954 3908 MD.
997 3846 1316 3923 ··(3)Thmt.·152²1,
1405 3880 1409 3891 ,
