2992 5220
647 440 846 507 ,425-

278 606 409 673 lneticne
442 606 472 670 id
506 606 629 686 quidem
667 608 857 686 caeterisque
896 603 1069 687 disciplinis
1099 602 1212 683 nard,

278 726 334 791 sed
359 723 498 787 omnium
516 723 645 787 maxime
680 722 855 787 dialecticae
872 712 1062 787 elliclcndunt
1087 719 1212 785 tribuit.

280 838 403 907 Tenere
436 842 496 905 hoc
528 840 601 903 illos
627 838 780 918 decebat,
814 839 868 920 qui
901 838 1033 919 antiquo
1069 836 1213 902 maxime·

279 978 341 1040 que
362 957 534 1022 recentiore
555 976 633 1022 aevo
665 955 929 1038 encyclopuediam
957 952 1111 1018 conficere
1143 966 1212 1017 stu·

276 1076 422 1141 duerunt.
467 1076 543 1139 Non
574 1090 636 1137 erat
661 1073 762 1152 satis,
793 1088 873 1137 artes
907 1071 1126 1151 doctrinasque
1146 1068 1212 1133 sin·

277 1195 366 1273 gulas
394 1192 426 1257 in
449 1210 525 1257 suos
565 1192 652 1255 locos
680 1189 903 1269 distribuisse,
939 1191 994 1255 sed
1033 1188 1148 1268 cuique
1178 1198 1211 1251 et

276 1310 335 1378 arti
366 1326 398 1376 et
421 1312 581 1374 doctritne
607 1324 697 1375 suum
726 1308 884 1390 assignare
917 1307 1008 1371 finem
1037 1321 1067 1368 et
1096 1322 1214 1386 propo·

276 1429 396 1507 litum,
427 1430 483 1490 sed
514 1428 673 1489 universas
710 1427 755 1489 sic
786 1428 930 1503 tradere,
954 1437 989 1487 ut
1016 1438 1212 1485 communem

278 1557 516 1621 assequerentur
535 1541 653 1617 srrrenr,
677 1539 839 1617 veritatis,
860 1545 952 1609 αὐτοῦ
973 1546 1024 1607 τοῦ
1055 1538 1157 1617 ὄντος,
1180 1535 1212 1601 itl

279 1657 374 1723 rebus
405 1656 551 1721 omnibus
578 1654 768 1734 scientiam,
806 1655 879 1717 lrnec
908 1655 1031 1719 demum
1060 1655 1137 1719 ratio
1163 1674 1216 1719 ve·

280 1774 421 1841 rissirnae
454 1771 709 1856 encyelopaediae
743 1788 814 1851 est,
850 1791 942 1852 quarn
971 1773 1062 1852 plane
1094 1771 1212 1851 refert,

280 1908 317 1959 nt
351 1893 555 1972 monuimus,
578 1889 778 1972 philosophia
811 1890 981 1954 Platonica.
1026 1890 1082 1953 Per
1104 1888 1215 1951 dialec-

280 2010 371 2075 ticam
404 2009 534 2076 maxime
563 2012 692 2093 ejusque
732 2008 771 2073 ad
808 2007 967 2071 veritatem
997 2004 1213 2071 inveniendam

279 2128 488 2207 tuendamque
511 2124 740 2205 effic-,testatem
762 2129 884 2196 παιδεία
906 2124 961 2202 sit,
982 2128 1149 2191 institutio·
1162 2126 1214 2188 ho·

282 2249 397 2323 minis,
429 2248 750 2323 reproximando·
778 2242 847 2307 Nec
883 2260 956 2307 vero
985 2244 1047 2309 lroc
1069 2243 1157 2307 etiam
1181 2242 1213 2305 in

280 2360 443 2433 Platonico
469 2362 583 2441 placito
614 2361 741 2426 silentio
778 2359 1069 2441 praetermittamus.
1125 2363 1215 2429 Φύσιν

281 2493 429 2541 memorat
461 2479 604 2541 Socrates
635 2482 832 2555 arsami-2.
879 2478 945 2543 Ubi
972 2482 1013 2545 rol
1034 2481 1129 2561 χύδην
1154 2496 1214 2560 pot*

281 2598 424 2675 linaro,
448 2594 511 2671 ait,
534 2595 704 2675 juvenibus
736 2595 853 2658 nostris
880 2595 911 2658 in
940 2613 1035 2658 unum
1058 2597 1218 2677 collegeri-

281 2728 374 2789 mus,
397 2709 641 2790 experimentum
673 2710 766 2775 nobis
790 2711 918 2775 maxime
941 2713 1017 2793 crit,
1048 2733 1122 2779 nnm
1152 2720 1213 2800 φό·

283 2853 328 2894 σιν
367 2831 555 2904 lienteriam
585 2827 728 2893 habeant.
789 2829 886 2914 Quod
914 2846 1026 2910 sponte
1056 2850 1114 2895 nos
1145 2852 1216 2895 cnm

282 2940 322 3003 iis
351 2944 596 3023 conjungimus,
620 2965 701 3025 quae
731 2944 770 3007 ab
796 2945 887 3008 initio
915 2947 953 3009 de
975 2952 1065 3031 φύσει
1093 2954 1215 3031 ottrad-

282 3068 333 3142 φῳ
364 3057 520 3138 disputata
553 3074 640 3122 sunt.
685 3060 811 3125 Scilicet
847 3080 911 3126 non
945 3062 1076 3127 indolem
1099 3065 1220 3146 signifi·

285 3187 356 3254 cat,
379 3179 523 3238 acumine
555 3178 656 3239 solnm
692 3195 722 3239 et
740 3185 913 3262 sagacitate
939 3179 1117 3261 insignem,
1142 3198 1221 3262 qnae

285 3291 376 3355 dotes
404 3291 436 3356 in
464 3291 696 3357 dialecticorum
724 3294 990 3375 disputationibus
1020 3302 1141 3363 elucent
1176 3298 1220 3363 le·

284 3428 342 3489 re3
366 3410 444 3490 sed,
467 3424 503 3474 ut
518 3411 729 3497 philosopham
762 3411 895 3476 indolem
930 3427 1043 3494 vocat,
1068 3435 1145 3494 quae
1167 3436 1220 3479 ve*

287 3525 314 3590 ri
350 3545 452 3591 amore
485 3528 762 3608 cognoscendique
793 3531 898 3593 studio
929 3530 1097 3609 acerrimo,
1142 3531 1221 3597 nilril

285 3660 351 3706 non
373 3643 461 3723 quod
482 3645 611 3725 cognitu
643 3646 770 3725 dignum
794 3662 866 3727 est,
887 3647 1097 3711 indesinenter
1118 3650 1221 3713 inres-

286 3758 385 3841 tigat,
418 3760 460 3825 ila
488 3760 570 3826 hunc
605 3761 697 3827 habet
740 3768 868 3847 φύσει
912 3768 1221 3847 διαλεκτικὸν,

289 3876 365 3955 qui,
403 3893 438 3941 ut
467 3877 592 3958 singula
622 3880 778 3944 cernendo
805 3883 1029 3965 iungendoque
1058 3883 1136 3960 rite,
1167 3884 1221 3949 scel
1265 3904 1269 3911 ·

288 3993 445 4077 sparsim,
467 3994 644 4078 cognovit,
675 3998 717 4062 ita
751 3997 897 4085 universa
915 4016 1016 4065 mente
1047 4002 1227 4083 complecti·

703 4114 727 4180 P
1152 4132 1225 4198 tur,
