2992 5220
848 449 999 492 -ια-

459 595 504 680 sic
534 612 714 692 aberrasse,
745 625 780 676 ut
808 625 992 696 repugnaret
1018 608 1248 695 philosophiae.
1301 613 1381 679 Nam

455 731 562 796 aberat
590 742 735 808 tantum,
779 742 815 792 ut
842 727 985 793 liberaret
1017 729 1171 795 hominem
1201 728 1286 795 falsis
1317 732 1387 811 opi-

458 847 626 924 nionibus,
660 861 694 908 ut
723 845 778 908 has
805 859 914 910 contra
943 846 1156 910 ratiocinando
1172 864 1387 930 argumentan-

458 964 565 1043 doque
597 981 631 1026 ac
664 961 916 1045 syllogismorum
948 962 1133 1028 auctoritate
1165 964 1296 1045 probare
1332 983 1386 1026 co-

458 1093 584 1144 naretur
607 1091 638 1142 et
662 1076 857 1143 confirmare.
903 1076 964 1141 Sed
993 1080 1159 1161 conjuncta
1192 1079 1265 1145 haec
1293 1079 1386 1144 disci·

455 1195 540 1279 plina
570 1192 656 1258 omni
674 1212 752 1258 aevo
776 1213 848 1258 cum
875 1193 1074 1274 eloquentiae
1093 1193 1154 1258 fuit
1178 1195 1304 1276 studio,
1335 1197 1387 1261 cui

456 1313 502 1377 sic
533 1312 620 1377 dedit
646 1310 862 1375 auctoritatem
882 1310 921 1374 ad
946 1310 1217 1392 persuadendum,
1240 1325 1276 1375 ut
1293 1312 1387 1375 vicis·

457 1429 515 1497 sim
546 1428 584 1494 ab
614 1428 665 1492 illa
694 1425 901 1510 persuadendi
927 1424 1126 1490 invitamenta
1159 1440 1191 1490 et
1225 1426 1384 1491 illecebras

455 1545 646 1628 accipiebat:
688 1541 896 1623 eloquentiam
934 1558 1037 1607 autem
1083 1557 1210 1608 constat
1251 1556 1312 1608 tam
1349 1543 1388 1607 ad

439 1662 590 1745 :pessima
611 1659 714 1725 omnia
741 1677 853 1742 posse,
877 1679 969 1741 quam
999 1661 1037 1725 ad
1069 1660 1206 1744 optima,
1230 1661 1385 1726 hominem

455 1776 629 1856 adducere,
651 1793 708 1847 nec
735 1796 804 1842 raro
826 1796 901 1843 sane
918 1776 996 1842 illud
1014 1777 1135 1845 efficere
1155 1778 1269 1863 magis,
1292 1796 1385 1861 quam

457 1893 540 1974 hoc,
563 1879 735 1959 studuisse.
1398 1878 1403 1889 ⁵

497 2011 558 2079 Est
586 2029 660 2078 sane
692 2012 768 2077 haec
804 2026 981 2094 temporum
1017 2026 1196 2078 nostrorum
1229 2010 1385 2092 felicitas,

453 2141 489 2193 ut
517 2145 599 2208 quae
626 2127 700 2192 olim
729 2129 878 2192 celebrari
906 2127 1037 2192 summis
1064 2128 1209 2191 laudibus
1243 2129 1383 2205 solebat,

437 2243 651 2327 -eloquentiae
695 2242 824 2309 facultas
864 2241 938 2317 illa,
991 2259 1053 2320 qua
1094 2242 1164 2321 quis
1207 2241 1383 2308 inferiorem

452 2379 593 2427 caussam
620 2356 752 2421 dicendo
783 2355 977 2438 superiorem
1008 2355 1164 2437 efficeret,
1197 2358 1386 2427 dialecticae·

440 2492 517 2556 .que
540 2471 683 2553 artibus,
717 2491 920 2554 quocumque
950 2475 1069 2555 vellet,
1101 2474 1291 2540 audientium
1319 2477 1383 2541 ani-

452 2610 521 2657 mos
548 2589 739 2670 deduceret,
777 2591 851 2655 haec
882 2605 1099 2657 contemnatur
1124 2610 1180 2674 per
1208 2593 1383 2659 universam

438 2708 635 2801 ’Europama
658 2707 855 2790 gravioribus
883 2722 986 2773 autern
1012 2708 1162 2774 doctrinis
1192 2723 1310 2773 tantum
1330 2709 1385 2773 ab·

436 2824 493 2899 sit
523 2840 560 2893 ut
577 2823 782 2903 adhibeatur,
814 2838 979 2888 utcontra
1006 2825 1045 2889 ad
1073 2823 1212 2889 veritatis
1235 2826 1384 2891 amussim

438 2926 618 3027 'opiniones
650 2941 816 3008 doctorum
849 2940 1010 3005 hominum
1039 2955 1070 3004 et
1101 2939 1227 3005 inventa
1260 2940 1384 3024 exigan-

451 3078 504 3128 tur
525 3059 629 3128 unice.
673 3058 751 3124 Non
779 3046 938 3123 audiretur
966 3057 1060 3124 hodie
1079 3055 1148 3123 sive
1170 3057 1383 3142 philosophus

451 3177 521 3243 sive
548 3188 675 3253 orator,
708 3173 787 3255 qui,
810 3188 846 3239 ut
875 3174 996 3240 Romae
1024 3176 1218 3256 Carneades,
1251 3176 1290 3242 de
1318 3178 1385 3261 jus-

447 3291 517 3359 titia
542 3290 714 3373 disputaret
744 3291 898 3374 copiose,
940 3292 996 3357 sed
1025 3292 1107 3359 idem
1137 3292 1382 3376 disputationem

436 3427 538 3499 ¹suam
564 3405 715 3489 postridie
745 3409 900 3474 contraria
927 3410 1139 3494 disputatione
1164 3384 1383 3489 subverteret,

448 3539 480 3593 et
503 3523 676 3608 J'ustitiam,
709 3546 801 3608 quam
830 3527 931 3611 pridie
962 3527 1158 3603 laudaverat,
1190 3525 1314 3591 tolleret
1335 3528 1380 3593 (¹).

435 3639 557 3737 'Pueris
586 3642 823 3725 relinquendum
854 3646 914 3709 hoc
947 3642 1100 3707 ludicrum
1134 3642 1294 3725 negotium
1325 3664 1384 3727 pu·

448 3772 573 3838 tamus3
612 3756 752 3823 Platonis
782 3775 859 3825 vero
889 3757 1046 3824 laudamus
1080 3758 1288 3839 sententiam,
1321 3760 1382 3824 hoc

1311 3894 1379 3943 esse

431 3972 445 4091 f,
486 4008 528 4081 (ι)
547 4006 674 4100 haslut-
692 4007 729 4063 Υ.
747 4009 791 4063 14.
