<?xml version="1.0" encoding="UTF-8"?>
<!DOCTYPE html PUBLIC "-//W3C//DTD XHTML 1.0 Transitional//EN"
    "http://www.w3.org/TR/xhtml1/DTD/xhtml1-transitional.dtd">
<html xmlns="http://www.w3.org/1999/xhtml" xml:lang="en" lang="en">
 <head>
  <title>
</title>
<meta http-equiv="Content-Type" content="text/html;charset=utf-8" />
  <meta name='ocr-system' content='tesseract 3.04.00' />
  <meta name='ocr-capabilities' content='ocr_page ocr_carea ocr_par ocr_line ocrx_word'/>
</head>
<body>
  <div class='ocr_page' id='page_1' title='image "./initiaphilosoph01heusgoog_0355.png"; bbox 0 0 2992 5220; ppageno 0'>
   <div class='ocr_carea' id='block_1_1' title="bbox 645 469 847 534">
    <p class='ocr_par' dir='ltr' id='par_1_1' title="bbox 645 469 847 534">
     <span class='ocr_line' id='line_1_1' title="bbox 645 469 847 534; baseline 0.005 -2"><span class='ocrx_word' id='word_1_1' title='bbox 645 469 847 534; x_wconf 55' lang='lat'>-1612-</span> 
     </span>
    </p>
   </div>
   <div class='ocr_carea' id='block_1_2' title="bbox 273 638 1218 2122">
    <p class='ocr_par' dir='ltr' id='par_1_2' title="bbox 273 638 1218 2122">
     <span class='ocr_line' id='line_1_2' title="bbox 279 638 1212 721; baseline -0.014 -2"><span class='ocrx_word' id='word_1_2' title='bbox 279 651 359 719; x_wconf 92' lang='lat' dir='ltr'><strong>Nam</strong></span> <span class='ocrx_word' id='word_1_3' title='bbox 383 654 411 718; x_wconf 83' lang='lat' dir='ltr'><strong>is</strong></span> <span class='ocrx_word' id='word_1_4' title='bbox 430 638 563 721; x_wconf 79' lang='lat' dir='ltr'><strong>omuino¹</strong></span> <span class='ocrx_word' id='word_1_5' title='bbox 588 648 621 714; x_wconf 90' lang='lat' dir='ltr'><strong>in</strong></span> <span class='ocrx_word' id='word_1_6' title='bbox 648 650 754 716; x_wconf 92' lang='lat' dir='ltr'><strong>studio</strong></span> <span class='ocrx_word' id='word_1_7' title='bbox 782 647 957 716; x_wconf 81' lang='lat' dir='ltr'>dialecticae</span> <span class='ocrx_word' id='word_1_8' title='bbox 983 650 1138 715; x_wconf 84' lang='lat' dir='ltr'><strong>extremus</strong></span> <span class='ocrx_word' id='word_1_9' title='bbox 1167 652 1212 716; x_wconf 72' lang='lat' dir='ltr'><strong>la..</strong></span> 
     </span>
     <span class='ocr_line' id='line_1_3' title="bbox 278 763 1205 850; baseline -0.001 -18"><span class='ocrx_word' id='word_1_10' title='bbox 278 769 337 834; x_wconf 89' lang='lat' dir='ltr'><strong>bor</strong></span> <span class='ocrx_word' id='word_1_11' title='bbox 363 784 435 850; x_wconf 91' lang='lat' dir='ltr'><strong>est,</strong></span> <span class='ocrx_word' id='word_1_12' title='bbox 458 783 513 847; x_wconf 89' lang='lat' dir='ltr'><strong>ut,</strong></span> <span class='ocrx_word' id='word_1_13' title='bbox 536 785 615 848; x_wconf 90' lang='lat' dir='ltr'><strong>quae</strong></span> <span class='ocrx_word' id='word_1_14' title='bbox 643 765 714 848; x_wconf 89' lang='lat' dir='ltr'><strong>quis</strong></span> <span class='ocrx_word' id='word_1_15' title='bbox 745 764 811 829; x_wconf 89' lang='lat' dir='ltr'><strong>sive</strong></span> <span class='ocrx_word' id='word_1_16' title='bbox 835 765 903 846; x_wconf 92' lang='lat' dir='ltr'><strong>ipse</strong></span> <span class='ocrx_word' id='word_1_17' title='bbox 926 763 1043 827; x_wconf 88' lang='lat' dir='ltr'><strong>invenit</strong></span> <span class='ocrx_word' id='word_1_18' title='bbox 1072 764 1138 830; x_wconf 88' lang='lat' dir='ltr'><strong>sive</strong></span> <span class='ocrx_word' id='word_1_19' title='bbox 1166 766 1205 831; x_wconf 88' lang='lat' dir='ltr'><strong>ab</strong></span> 
     </span>
     <span class='ocr_line' id='line_1_4' title="bbox 275 880 1208 966; baseline -0.008 -14"><span class='ocrx_word' id='word_1_20' title='bbox 275 885 344 952; x_wconf 90' lang='lat' dir='ltr'><strong>aliis</strong></span> <span class='ocrx_word' id='word_1_21' title='bbox 374 885 500 951; x_wconf 88' lang='lat' dir='ltr'><strong>inventa</strong></span> <span class='ocrx_word' id='word_1_22' title='bbox 528 882 669 966; x_wconf 89' lang='lat' dir='ltr'><strong>accepit,</strong></span> <span class='ocrx_word' id='word_1_23' title='bbox 703 899 774 945; x_wconf 92' lang='lat' dir='ltr'><strong>cum</strong></span> <span class='ocrx_word' id='word_1_24' title='bbox 802 881 910 946; x_wconf 82' lang='lat' dir='ltr'>ordine</span> <span class='ocrx_word' id='word_1_25' title='bbox 940 880 1087 962; x_wconf 80' lang='lat' dir='ltr'>disponat</span> <span class='ocrx_word' id='word_1_26' title='bbox 1114 895 1208 961; x_wconf 89' lang='lat' dir='ltr'><strong>atque</strong></span> 
     </span>
     <span class='ocr_line' id='line_1_5' title="bbox 277 997 1206 1084; baseline -0.002 -18"><span class='ocrx_word' id='word_1_27' title='bbox 277 999 433 1084; x_wconf 83' lang='lat' dir='ltr'><strong>explicet,</strong></span> <span class='ocrx_word' id='word_1_28' title='bbox 465 1013 502 1066; x_wconf 92' lang='lat' dir='ltr'><strong>ut</strong></span> <span class='ocrx_word' id='word_1_29' title='bbox 523 997 600 1064; x_wconf 90' lang='lat' dir='ltr'><strong>fecit</strong></span> <span class='ocrx_word' id='word_1_30' title='bbox 626 998 812 1064; x_wconf 84' lang='lat' dir='ltr'><strong>Aristoteles</strong></span> <span class='ocrx_word' id='word_1_31' title='bbox 845 998 877 1062; x_wconf 93' lang='lat' dir='ltr'><strong>in</strong></span> <span class='ocrx_word' id='word_1_32' title='bbox 906 997 1084 1080; x_wconf 88' lang='lat' dir='ltr'><strong>palmariis,</strong></span> <span class='ocrx_word' id='word_1_33' title='bbox 1124 1016 1206 1078; x_wconf 87' lang='lat' dir='ltr'><strong>quos</strong></span> 
     </span>
     <span class='ocr_line' id='line_1_6' title="bbox 275 1111 1208 1197; baseline -0.006 -14"><span class='ocrx_word' id='word_1_34' title='bbox 275 1117 533 1197; x_wconf 85' lang='lat' dir='ltr'>memoravimus,</span> <span class='ocrx_word' id='word_1_35' title='bbox 576 1117 614 1181; x_wconf 93' lang='lat' dir='ltr'><strong>de</strong></span> <span class='ocrx_word' id='word_1_36' title='bbox 641 1114 815 1180; x_wconf 78' lang='lat' dir='ltr'><em>Rhetorica</em></span> <span class='ocrx_word' id='word_1_37' title='bbox 838 1113 947 1194; x_wconf 87' lang='lat' dir='ltr'><strong>libris,</strong></span> <span class='ocrx_word' id='word_1_38' title='bbox 990 1127 1056 1178; x_wconf 89' lang='lat' dir='ltr'><strong>tum</strong></span> <span class='ocrx_word' id='word_1_39' title='bbox 1091 1111 1208 1192; x_wconf 86' lang='lat' dir='ltr'><strong>etium,</strong></span> 
     </span>
     <span class='ocr_line' id='line_1_7' title="bbox 275 1228 1207 1327; baseline -0.002 -29"><span class='ocrx_word' id='word_1_40' title='bbox 275 1234 364 1314; x_wconf 90' lang='lat' dir='ltr'><strong>quod</strong></span> <span class='ocrx_word' id='word_1_41' title='bbox 391 1232 470 1315; x_wconf 74' lang='lat' dir='ltr'><strong>idem</strong></span> <span class='ocrx_word' id='word_1_42' title='bbox 493 1231 526 1296; x_wconf 91' lang='lat' dir='ltr'><strong>in</strong></span> <span class='ocrx_word' id='word_1_43' title='bbox 555 1231 686 1318; x_wconf 78' lang='lat' dir='ltr'><strong>Organa</strong></span> <span class='ocrx_word' id='word_1_44' title='bbox 707 1230 966 1312; x_wconf 83' lang='lat' dir='ltr'><strong>quemadmodum</strong></span> <span class='ocrx_word' id='word_1_45' title='bbox 986 1228 1207 1327; x_wconf 64' lang='lat' dir='ltr'><strong>perficiendum</strong></span> 
     </span>
     <span class='ocr_line' id='line_1_8' title="bbox 276 1344 1209 1424; baseline 0 -12"><span class='ocrx_word' id='word_1_46' title='bbox 276 1361 359 1412; x_wconf 88' lang='lat' dir='ltr'><strong>essct</strong></span> <span class='ocrx_word' id='word_1_47' title='bbox 387 1348 634 1424; x_wconf 87' lang='lat' dir='ltr'><strong>demonstravit,</strong></span> <span class='ocrx_word' id='word_1_48' title='bbox 656 1346 694 1411; x_wconf 92' lang='lat' dir='ltr'><strong>ab</strong></span> <span class='ocrx_word' id='word_1_49' title='bbox 720 1346 865 1410; x_wconf 87' lang='lat' dir='ltr'><strong>inanibus</strong></span> <span class='ocrx_word' id='word_1_50' title='bbox 891 1344 1134 1411; x_wconf 84' lang='lat' dir='ltr'><strong>adversariorum</strong></span> <span class='ocrx_word' id='word_1_51' title='bbox 1159 1365 1209 1412; x_wconf 89' lang='lat' dir='ltr'><strong>ca·</strong></span> 
     </span>
     <span class='ocr_line' id='line_1_9' title="bbox 274 1459 1209 1540; baseline 0.002 -12"><span class='ocrx_word' id='word_1_52' title='bbox 274 1461 492 1529; x_wconf 83' lang='lat' dir='ltr'><strong>villationibus</strong></span> <span class='ocrx_word' id='word_1_53' title='bbox 519 1478 602 1526; x_wconf 85' lang='lat' dir='ltr'><strong>recte</strong></span> <span class='ocrx_word' id='word_1_54' title='bbox 627 1459 777 1525; x_wconf 88' lang='lat' dir='ltr'><strong>vindicet.</strong></span> <span class='ocrx_word' id='word_1_55' title='bbox 821 1459 1012 1540; x_wconf 74' lang='lat' dir='ltr'><strong>siccatque</strong></span> <span class='ocrx_word' id='word_1_56' title='bbox 1039 1463 1132 1528; x_wconf 84' lang='lat' dir='ltr'><strong>aetati</strong></span> <span class='ocrx_word' id='word_1_57' title='bbox 1150 1482 1209 1530; x_wconf 85' lang='lat' dir='ltr'><strong>sue</strong></span> 
     </span>
     <span class='ocr_line' id='line_1_10' title="bbox 273 1562 1218 1654; baseline -0.006 -8"><span class='ocrx_word' id='word_1_58' title='bbox 273 1592 324 1646; x_wconf 86' lang='lat' dir='ltr'><strong>est</strong></span> <span class='ocrx_word' id='word_1_59' title='bbox 349 1562 526 1645; x_wconf 88' lang='lat' dir='ltr'><strong>dialecticae</strong></span> <span class='ocrx_word' id='word_1_60' title='bbox 545 1577 737 1654; x_wconf 84' lang='lat' dir='ltr'><strong>methodus,</strong></span> <span class='ocrx_word' id='word_1_61' title='bbox 757 1592 815 1640; x_wconf 92' lang='lat' dir='ltr'><strong>nec</strong></span> <span class='ocrx_word' id='word_1_62' title='bbox 834 1575 985 1639; x_wconf 89' lang='lat' dir='ltr'><strong>minorem</strong></span> <span class='ocrx_word' id='word_1_63' title='bbox 1007 1575 1100 1642; x_wconf 89' lang='lat' dir='ltr'><strong>habet</strong></span> <span class='ocrx_word' id='word_1_64' title='bbox 1118 1579 1218 1645; x_wconf 67' lang='lat' dir='ltr'><strong>Aria.</strong></span> 
     </span>
     <span class='ocr_line' id='line_1_11' title="bbox 275 1689 1211 1775; baseline -0.013 -15"><span class='ocrx_word' id='word_1_65' title='bbox 275 1694 402 1761; x_wconf 90' lang='lat' dir='ltr'><strong>totelica</strong></span> <span class='ocrx_word' id='word_1_66' title='bbox 421 1693 528 1772; x_wconf 89' lang='lat' dir='ltr'><strong>ratio,</strong></span> <span class='ocrx_word' id='word_1_67' title='bbox 546 1709 639 1772; x_wconf 90' lang='lat' dir='ltr'><strong>quam</strong></span> <span class='ocrx_word' id='word_1_68' title='bbox 654 1689 813 1757; x_wconf 87' lang='lat' dir='ltr'><strong>Socratica</strong></span> <span class='ocrx_word' id='word_1_69' title='bbox 824 1704 878 1754; x_wconf 87' lang='lat' dir='ltr'><strong>aut</strong></span> <span class='ocrx_word' id='word_1_70' title='bbox 896 1692 1080 1775; x_wconf 85' lang='lat' dir='ltr'><strong>Platonica,</strong></span> <span class='ocrx_word' id='word_1_71' title='bbox 1097 1694 1136 1759; x_wconf 79' lang='lat' dir='ltr'><strong>ad</strong></span> <span class='ocrx_word' id='word_1_72' title='bbox 1155 1713 1211 1760; x_wconf 71' lang='lat' dir='ltr'><strong>ex.</strong></span> 
     </span>
     <span class='ocr_line' id='line_1_12' title="bbox 275 1805 1209 1894; baseline -0.009 -19"><span class='ocrx_word' id='word_1_73' title='bbox 275 1811 406 1875; x_wconf 90' lang='lat' dir='ltr'><strong>colenda</strong></span> <span class='ocrx_word' id='word_1_74' title='bbox 437 1807 561 1890; x_wconf 83' lang='lat' dir='ltr'><strong>ingenia</strong></span> <span class='ocrx_word' id='word_1_75' title='bbox 594 1807 658 1872; x_wconf 91' lang='lat' dir='ltr'><strong>vim</strong></span> <span class='ocrx_word' id='word_1_76' title='bbox 688 1821 721 1872; x_wconf 92' lang='lat' dir='ltr'><strong>et</strong></span> <span class='ocrx_word' id='word_1_77' title='bbox 749 1805 1027 1889; x_wconf 87' lang='lat' dir='ltr'><strong>opportunitatem.</strong></span> <span class='ocrx_word' id='word_1_78' title='bbox 1088 1810 1209 1894; x_wconf 85' lang='lat' dir='ltr'><strong>Quam.</strong></span> 
     </span>
     <span class='ocr_line' id='line_1_13' title="bbox 277 1923 1210 2007; baseline 0 -16"><span class='ocrx_word' id='word_1_79' title='bbox 277 1927 386 1992; x_wconf 86' lang='lat' dir='ltr'><strong>obrem</strong></span> <span class='ocrx_word' id='word_1_80' title='bbox 412 1939 533 1991; x_wconf 88' lang='lat' dir='ltr'><strong>tantum</strong></span> <span class='ocrx_word' id='word_1_81' title='bbox 563 1923 670 2004; x_wconf 86' lang='lat' dir='ltr'><strong>abest,</strong></span> <span class='ocrx_word' id='word_1_82' title='bbox 701 1937 738 1988; x_wconf 91' lang='lat' dir='ltr'><strong>ut</strong></span> <span class='ocrx_word' id='word_1_83' title='bbox 766 1923 937 2004; x_wconf 88' lang='lat' dir='ltr'><strong>spernenda</strong></span> <span class='ocrx_word' id='word_1_84' title='bbox 965 1923 1007 1987; x_wconf 93' lang='lat' dir='ltr'><strong>sit</strong></span> <span class='ocrx_word' id='word_1_85' title='bbox 1037 1926 1210 2007; x_wconf 82' lang='lat' dir='ltr'><strong>syllogisti-</strong></span> 
     </span>
     <span class='ocr_line' id='line_1_14' title="bbox 275 2038 1207 2122; baseline -0.002 -12"><span class='ocrx_word' id='word_1_86' title='bbox 275 2063 314 2110; x_wconf 89' lang='lat' dir='ltr'><strong>ca</strong></span> <span class='ocrx_word' id='word_1_87' title='bbox 342 2039 544 2122; x_wconf 81' lang='lat' dir='ltr'><strong>Aristotelis,</strong></span> <span class='ocrx_word' id='word_1_88' title='bbox 575 2054 635 2120; x_wconf 91' lang='lat' dir='ltr'><strong>ut,</strong></span> <span class='ocrx_word' id='word_1_89' title='bbox 666 2056 732 2104; x_wconf 90' lang='lat' dir='ltr'><strong>non</strong></span> <span class='ocrx_word' id='word_1_90' title='bbox 757 2039 833 2104; x_wconf 87' lang='lat' dir='ltr'><strong>satis</strong></span> <span class='ocrx_word' id='word_1_91' title='bbox 863 2057 927 2103; x_wconf 88' lang='lat' dir='ltr'><strong>eam</strong></span> <span class='ocrx_word' id='word_1_92' title='bbox 955 2038 1207 2121; x_wconf 77' lang='lat' dir='ltr'><strong>provectioribus</strong></span> 
     </span>
    </p>
   </div>
   <div class='ocr_carea' id='block_1_3' title="bbox 273 2154 1319 2247">
    <p class='ocr_par' dir='ltr' id='par_1_3' title="bbox 273 2154 1319 2247">
     <span class='ocr_line' id='line_1_15' title="bbox 273 2154 1319 2247; baseline -0.008 -20"><span class='ocrx_word' id='word_1_93' title='bbox 273 2159 449 2247; x_wconf 75' lang='lat' dir='ltr'><strong>juventutis</strong></span> <span class='ocrx_word' id='word_1_94' title='bbox 467 2155 579 2224; x_wconf 87' lang='lat' dir='ltr'><strong>studiis</strong></span> <span class='ocrx_word' id='word_1_95' title='bbox 600 2156 633 2221; x_wconf 93' lang='lat' dir='ltr'><strong>in</strong></span> <span class='ocrx_word' id='word_1_96' title='bbox 660 2155 836 2222; x_wconf 86' lang='lat' dir='ltr'><strong>Academiis</strong></span> <span class='ocrx_word' id='word_1_97' title='bbox 850 2154 1017 2238; x_wconf 80' lang='lat' dir='ltr'><strong>adhiberi,</strong></span> <span class='ocrx_word' id='word_1_98' title='bbox 1038 2157 1206 2225; x_wconf 90' lang='lat' dir='ltr'><strong>dolendum</strong></span> <span class='ocrx_word' id='word_1_99' title='bbox 1317 2212 1319 2219; x_wconf 75' lang='grc'><strong>,</strong></span> 
     </span>
    </p>
   </div>
   <div class='ocr_carea' id='block_1_4' title="bbox 274 2271 1210 3739">
    <p class='ocr_par' dir='ltr' id='par_1_4' title="bbox 274 2271 1210 3636">
     <span class='ocr_line' id='line_1_16' title="bbox 275 2271 1210 2354; baseline -0.001 -12"><span class='ocrx_word' id='word_1_100' title='bbox 275 2276 416 2342; x_wconf 87' lang='lat' dir='ltr'><strong>videatur</strong></span> <span class='ocrx_word' id='word_1_101' title='bbox 437 2271 482 2353; x_wconf 62' lang='grc' dir='ltr'><strong>(ἴ).</strong></span> <span class='ocrx_word' id='word_1_102' title='bbox 525 2273 608 2338; x_wconf 90' lang='lat' dir='ltr'><strong>Nam</strong></span> <span class='ocrx_word' id='word_1_103' title='bbox 626 2272 655 2338; x_wconf 88' lang='lat' dir='ltr'><strong>si</strong></span> <span class='ocrx_word' id='word_1_104' title='bbox 674 2272 751 2354; x_wconf 90' lang='lat' dir='ltr'><strong>quid</strong></span> <span class='ocrx_word' id='word_1_105' title='bbox 768 2272 808 2337; x_wconf 91' lang='lat' dir='ltr'><strong>ad</strong></span> <span class='ocrx_word' id='word_1_106' title='bbox 825 2291 967 2338; x_wconf 89' lang='lat' dir='ltr'><strong>accurate</strong></span> <span class='ocrx_word' id='word_1_107' title='bbox 982 2272 1105 2340; x_wconf 92' lang='lat' dir='ltr'><strong>dicendi</strong></span> <span class='ocrx_word' id='word_1_108' title='bbox 1131 2276 1210 2341; x_wconf 85' lang='lat' dir='ltr'><strong>scri-</strong></span> 
     </span>
     <span class='ocr_line' id='line_1_17' title="bbox 274 2388 1208 2476; baseline -0.002 -16"><span class='ocrx_word' id='word_1_109' title='bbox 274 2394 436 2476; x_wconf 89' lang='lat' dir='ltr'><strong>bendique</strong></span> <span class='ocrx_word' id='word_1_110' title='bbox 462 2389 641 2456; x_wconf 83' lang='lat' dir='ltr'><strong>facultatem</strong></span> <span class='ocrx_word' id='word_1_111' title='bbox 670 2388 860 2469; x_wconf 89' lang='lat' dir='ltr'><strong>acuendam,</strong></span> <span class='ocrx_word' id='word_1_112' title='bbox 890 2388 929 2454; x_wconf 86' lang='lat' dir='ltr'><strong>ad</strong></span> <span class='ocrx_word' id='word_1_113' title='bbox 959 2388 1107 2458; x_wconf 87' lang='lat' dir='ltr'><strong>firmanda</strong></span> <span class='ocrx_word' id='word_1_114' title='bbox 1136 2411 1208 2457; x_wconf 86' lang='lat' dir='ltr'><strong>cor·</strong></span> 
     </span>
     <span class='ocr_line' id='line_1_18' title="bbox 276 2507 1207 2592; baseline 0.001 -17"><span class='ocrx_word' id='word_1_115' title='bbox 276 2510 514 2590; x_wconf 87' lang='lat' dir='ltr'><strong>roborandaque</strong></span> <span class='ocrx_word' id='word_1_116' title='bbox 542 2507 690 2591; x_wconf 86' lang='lat' dir='ltr'><strong>ingenia,</strong></span> <span class='ocrx_word' id='word_1_117' title='bbox 723 2507 762 2573; x_wconf 91' lang='lat' dir='ltr'><strong>ad</strong></span> <span class='ocrx_word' id='word_1_118' title='bbox 792 2525 931 2571; x_wconf 89' lang='lat' dir='ltr'><strong>caussam</strong></span> <span class='ocrx_word' id='word_1_119' title='bbox 963 2507 1105 2574; x_wconf 90' lang='lat' dir='ltr'><strong>veritatis</strong></span> <span class='ocrx_word' id='word_1_120' title='bbox 1131 2529 1207 2592; x_wconf 90' lang='lat' dir='ltr'><strong>pro·</strong></span> 
     </span>
     <span class='ocr_line' id='line_1_19' title="bbox 275 2621 1207 2710; baseline 0.004 -21"><span class='ocrx_word' id='word_1_121' title='bbox 275 2623 474 2710; x_wconf 84' lang='lat' dir='ltr'><strong>pugnandam</strong></span> <span class='ocrx_word' id='word_1_122' title='bbox 504 2622 624 2687; x_wconf 89' lang='lat' dir='ltr'><strong>naviter</strong></span> <span class='ocrx_word' id='word_1_123' title='bbox 645 2621 750 2686; x_wconf 82' lang='lat' dir='ltr'><strong>valet:</strong></span> <span class='ocrx_word' id='word_1_124' title='bbox 773 2624 877 2687; x_wconf 91' lang='lat' dir='ltr'><strong>valent</strong></span> <span class='ocrx_word' id='word_1_125' title='bbox 897 2641 936 2687; x_wconf 89' lang='lat' dir='ltr'><strong>eo</strong></span> <span class='ocrx_word' id='word_1_126' title='bbox 954 2621 986 2688; x_wconf 92' lang='lat' dir='ltr'><strong>in</strong></span> <span class='ocrx_word' id='word_1_127' title='bbox 1004 2624 1112 2707; x_wconf 86' lang='lat' dir='ltr'><strong>primis</strong></span> <span class='ocrx_word' id='word_1_128' title='bbox 1132 2644 1207 2693; x_wconf 91' lang='lat' dir='ltr'><strong>sane</strong></span> 
     </span>
     <span class='ocr_line' id='line_1_20' title="bbox 276 2736 1208 2826; baseline -0.001 -17"><span class='ocrx_word' id='word_1_129' title='bbox 276 2743 335 2809; x_wconf 86' lang='lat' dir='ltr'><strong>bae</strong></span> <span class='ocrx_word' id='word_1_130' title='bbox 354 2738 531 2806; x_wconf 88' lang='lat' dir='ltr'><strong>dialecticae</strong></span> <span class='ocrx_word' id='word_1_131' title='bbox 549 2736 800 2804; x_wconf 87' lang='lat' dir='ltr'><strong>exercitationes.</strong></span> <span class='ocrx_word' id='word_1_132' title='bbox 845 2738 907 2804; x_wconf 88' lang='lat' dir='ltr'><strong>Sed</strong></span> <span class='ocrx_word' id='word_1_133' title='bbox 931 2738 1021 2805; x_wconf 87' lang='lat' dir='ltr'><strong>abusi</strong></span> <span class='ocrx_word' id='word_1_134' title='bbox 1045 2755 1120 2807; x_wconf 88' lang='lat' dir='ltr'><strong>suut</strong></span> <span class='ocrx_word' id='word_1_135' title='bbox 1141 2745 1208 2826; x_wconf 82' lang='lat' dir='ltr'><strong>syl-¹</strong></span> 
     </span>
     <span class='ocr_line' id='line_1_21' title="bbox 274 2851 1205 2943; baseline -0.002 -18"><span class='ocrx_word' id='word_1_136' title='bbox 274 2851 419 2943; x_wconf 80' lang='lat' dir='ltr'><strong>logistica</strong></span> <span class='ocrx_word' id='word_1_137' title='bbox 448 2852 657 2938; x_wconf 88' lang='lat' dir='ltr'><strong>philosophi,</strong></span> <span class='ocrx_word' id='word_1_138' title='bbox 690 2852 848 2933; x_wconf 83' lang='lat' dir='ltr'><strong>indeque,</strong></span> <span class='ocrx_word' id='word_1_139' title='bbox 882 2868 918 2919; x_wconf 89' lang='lat' dir='ltr'><strong>ut</strong></span> <span class='ocrx_word' id='word_1_140' title='bbox 939 2857 1001 2939; x_wconf 86' lang='lat' dir='ltr'><strong>jam</strong></span> <span class='ocrx_word' id='word_1_141' title='bbox 1035 2858 1205 2939; x_wconf 83' lang='lat' dir='ltr'><strong>aliquoties</strong></span> 
     </span>
     <span class='ocr_line' id='line_1_22' title="bbox 275 2969 1208 3051; baseline 0.001 -13"><span class='ocrx_word' id='word_1_142' title='bbox 275 2972 480 3051; x_wconf 87' lang='lat' dir='ltr'><strong>monuimus,</strong></span> <span class='ocrx_word' id='word_1_143' title='bbox 518 2988 674 3036; x_wconf 88' lang='lat' dir='ltr'><strong>summum</strong></span> <span class='ocrx_word' id='word_1_144' title='bbox 707 2969 792 3051; x_wconf 90' lang='lat' dir='ltr'><strong>cepit</strong></span> <span class='ocrx_word' id='word_1_145' title='bbox 815 2970 1016 3051; x_wconf 89' lang='lat' dir='ltr'><strong>philosophia</strong></span> <span class='ocrx_word' id='word_1_146' title='bbox 1041 2973 1208 3040; x_wconf 88' lang='lat' dir='ltr'><strong>detrimen·</strong></span> 
     </span>
     <span class='ocr_line' id='line_1_23' title="bbox 274 3084 1207 3171; baseline 0.005 -19"><span class='ocrx_word' id='word_1_147' title='bbox 274 3103 355 3152; x_wconf 86' lang='lat' dir='ltr'><strong>tum.</strong></span> <span class='ocrx_word' id='word_1_148' title='bbox 412 3086 471 3165; x_wconf 83' lang='lat' dir='ltr'><strong>si,</strong></span> <span class='ocrx_word' id='word_1_149' title='bbox 503 3086 590 3165; x_wconf 93' lang='lat' dir='ltr'><strong>quod</strong></span> <span class='ocrx_word' id='word_1_150' title='bbox 622 3087 779 3170; x_wconf 90' lang='lat' dir='ltr'><strong>praecepit</strong></span> <span class='ocrx_word' id='word_1_151' title='bbox 810 3084 999 3151; x_wconf 86' lang='lat' dir='ltr'><strong>Aristoteles</strong></span> <span class='ocrx_word' id='word_1_152' title='bbox 1022 3085 1207 3171; x_wconf 85' lang='lat' dir='ltr'><strong>faciuntque</strong></span> 
     </span>
     <span class='ocr_line' id='line_1_24' title="bbox 276 3199 1206 3285; baseline 0.001 -14"><span class='ocrx_word' id='word_1_153' title='bbox 276 3199 509 3278; x_wconf 84' lang='lat' dir='ltr'><strong>mathematici,</strong></span> <span class='ocrx_word' id='word_1_154' title='bbox 531 3217 566 3264; x_wconf 79' lang='lat' dir='ltr'><strong>et</strong></span> <span class='ocrx_word' id='word_1_155' title='bbox 586 3199 642 3264; x_wconf 89' lang='lat' dir='ltr'><strong>hac</strong></span> <span class='ocrx_word' id='word_1_156' title='bbox 666 3202 816 3269; x_wconf 89' lang='lat' dir='ltr'><strong>methodo</strong></span> <span class='ocrx_word' id='word_1_157' title='bbox 837 3221 992 3285; x_wconf 81' lang='lat' dir='ltr'><strong>exponere</strong></span> <span class='ocrx_word' id='word_1_158' title='bbox 1016 3218 1048 3268; x_wconf 91' lang='lat' dir='ltr'><strong>et</strong></span> <span class='ocrx_word' id='word_1_159' title='bbox 1076 3205 1206 3272; x_wconf 83' lang='lat' dir='ltr'><strong>demon-</strong></span> 
     </span>
     <span class='ocr_line' id='line_1_25' title="bbox 274 3315 1208 3397; baseline 0.002 -9"><span class='ocrx_word' id='word_1_160' title='bbox 274 3336 373 3388; x_wconf 80' lang='lat' dir='ltr'><strong>strare</strong></span> <span class='ocrx_word' id='word_1_161' title='bbox 405 3315 625 3397; x_wconf 89' lang='lat' dir='ltr'><strong>studuissent,</strong></span> <span class='ocrx_word' id='word_1_162' title='bbox 668 3333 748 3396; x_wconf 91' lang='lat' dir='ltr'><strong>quae</strong></span> <span class='ocrx_word' id='word_1_163' title='bbox 782 3322 833 3383; x_wconf 90' lang='lat' dir='ltr'><strong>vel</strong></span> <span class='ocrx_word' id='word_1_164' title='bbox 869 3338 943 3385; x_wconf 85' lang='lat' dir='ltr'><strong>vera</strong></span> <span class='ocrx_word' id='word_1_165' title='bbox 980 3323 1031 3386; x_wconf 92' lang='lat' dir='ltr'><strong>vel</strong></span> <span class='ocrx_word' id='word_1_166' title='bbox 1061 3337 1146 3388; x_wconf 89' lang='lat' dir='ltr'><strong>certe</strong></span> <span class='ocrx_word' id='word_1_167' title='bbox 1172 3324 1208 3390; x_wconf 87' lang='lat' dir='ltr'><strong>in</strong></span> 
     </span>
     <span class='ocr_line' id='line_1_26' title="bbox 275 3430 1207 3521; baseline 0 -17"><span class='ocrx_word' id='word_1_168' title='bbox 275 3438 385 3521; x_wconf 82' lang='lat' dir='ltr'><strong>primis</strong></span> <span class='ocrx_word' id='word_1_169' title='bbox 415 3431 570 3501; x_wconf 88' lang='lat' dir='ltr'><strong>evidentia</strong></span> <span class='ocrx_word' id='word_1_170' title='bbox 597 3448 632 3495; x_wconf 89' lang='lat' dir='ltr'><strong>ac</strong></span> <span class='ocrx_word' id='word_1_171' title='bbox 657 3430 832 3515; x_wconf 88' lang='lat' dir='ltr'><strong>probabilia</strong></span> <span class='ocrx_word' id='word_1_172' title='bbox 853 3449 979 3514; x_wconf 84' lang='lat' dir='ltr'><strong>essent,</strong></span> <span class='ocrx_word' id='word_1_173' title='bbox 1002 3436 1121 3517; x_wconf 90' lang='lat' dir='ltr'><strong>optimc</strong></span> <span class='ocrx_word' id='word_1_174' title='bbox 1140 3457 1207 3504; x_wconf 87' lang='lat' dir='ltr'><strong>nte·</strong></span> 
     </span>
     <span class='ocr_line' id='line_1_27' title="bbox 276 3546 1208 3636; baseline -0.001 -14"><span class='ocrx_word' id='word_1_175' title='bbox 276 3555 326 3623; x_wconf 86' lang='lat' dir='ltr'><strong>riti</strong></span> <span class='ocrx_word' id='word_1_176' title='bbox 352 3546 393 3620; x_wconf 60' lang='lat' dir='ltr'><strong>‘de</strong></span> <span class='ocrx_word' id='word_1_177' title='bbox 422 3549 625 3636; x_wconf 89' lang='lat' dir='ltr'><strong>philosophia</strong></span> <span class='ocrx_word' id='word_1_178' title='bbox 657 3546 806 3615; x_wconf 83' lang='lat' dir='ltr'><strong>fuissent.</strong></span> <span class='ocrx_word' id='word_1_179' title='bbox 859 3548 956 3614; x_wconf 93' lang='lat' dir='ltr'><strong>Nunc</strong></span> <span class='ocrx_word' id='word_1_180' title='bbox 986 3567 1088 3633; x_wconf 84' lang='lat' dir='ltr'><strong>vero,</strong></span> <span class='ocrx_word' id='word_1_181' title='bbox 1119 3554 1208 3635; x_wconf 92' lang='lat' dir='ltr'><strong>quod</strong></span> 
     </span>
    </p>

    <p class='ocr_par' dir='ltr' id='par_1_5' title="bbox 1174 3687 1208 3739">
     <span class='ocr_line' id='line_1_28' title="bbox 1174 3687 1208 3739; baseline 0.029 -1"><span class='ocrx_word' id='word_1_182' title='bbox 1174 3687 1208 3739; x_wconf 74' lang='lat' dir='ltr'><strong>et</strong></span> 
     </span>
    </p>
   </div>
   <div class='ocr_carea' id='block_1_5' title="bbox 276 3827 1210 4100">
    <p class='ocr_par' dir='ltr' id='par_1_6' title="bbox 276 3827 1210 4100">
     <span class='ocr_line' id='line_1_29' title="bbox 313 3827 1210 3902; baseline -0.006 -18"><span class='ocrx_word' id='word_1_183' title='bbox 313 3829 355 3902; x_wconf 85' lang='grc' dir='ltr'><strong>(ι)</strong></span> <span class='ocrx_word' id='word_1_184' title='bbox 374 3829 461 3885; x_wconf 81' lang='lat' dir='ltr'><strong>Dolet</strong></span> <span class='ocrx_word' id='word_1_185' title='bbox 480 3833 639 3894; x_wconf 73' lang='lat' dir='ltr'><strong>Heerenue,</strong></span> <span class='ocrx_word' id='word_1_186' title='bbox 658 3829 779 3900; x_wconf 83' lang='lat' dir='ltr'><strong>quidque</strong></span> <span class='ocrx_word' id='word_1_187' title='bbox 798 3831 856 3898; x_wconf 80' lang='lat' dir='ltr'><strong>ipae</strong></span> <span class='ocrx_word' id='word_1_188' title='bbox 878 3828 982 3898; x_wconf 75' lang='lat' dir='ltr'><strong>juvenis</strong></span> <span class='ocrx_word' id='word_1_189' title='bbox 1003 3827 1047 3881; x_wconf 79' lang='lat' dir='ltr'><strong>bie</strong></span> <span class='ocrx_word' id='word_1_190' title='bbox 1072 3830 1210 3883; x_wconf 79' lang='lat' dir='ltr'><strong>exercita-</strong></span> 
     </span>
     <span class='ocr_line' id='line_1_30' title="bbox 276 3928 1209 4000; baseline -0.005 -17"><span class='ocrx_word' id='word_1_191' title='bbox 276 3929 398 3983; x_wconf 70' lang='lat' dir='ltr'><strong>nomba·</strong></span> <span class='ocrx_word' id='word_1_192' title='bbox 423 3930 567 3994; x_wconf 74' lang='lat' dir='ltr'><strong>debuerit,</strong></span> <span class='ocrx_word' id='word_1_193' title='bbox 601 3930 703 3982; x_wconf 74' lang='lat' dir='ltr'><strong>fetetne</strong></span> <span class='ocrx_word' id='word_1_194' title='bbox 724 3933 837 3998; x_wconf 76' lang='lat' dir='ltr'><strong>ingenue</strong></span> <span class='ocrx_word' id='word_1_195' title='bbox 863 3932 892 3981; x_wconf 89' lang='lat' dir='ltr'><strong>in</strong></span> <span class='ocrx_word' id='word_1_196' title='bbox 918 3929 1111 4000; x_wconf 68' lang='lat' dir='ltr'><strong>elegantissima</strong></span> <span class='ocrx_word' id='word_1_197' title='bbox 1138 3928 1209 3983; x_wconf 77' lang='lat' dir='ltr'><strong>vite·</strong></span> 
     </span>
     <span class='ocr_line' id='line_1_31' title="bbox 279 4027 893 4100; baseline -0.003 -15"><span class='ocrx_word' id='word_1_198' title='bbox 279 4046 342 4085; x_wconf 75' lang='lat' dir='ltr'><strong>m</strong></span> <span class='ocrx_word' id='word_1_199' title='bbox 363 4029 546 4100; x_wconf 71' lang='lat' dir='ltr'><strong>descriptione</strong></span> <span class='ocrx_word' id='word_1_200' title='bbox 567 4027 689 4097; x_wconf 75' lang='lat' dir='ltr'><strong>Operum</strong></span> <span class='ocrx_word' id='word_1_201' title='bbox 705 4027 742 4081; x_wconf 80' lang='lat' dir='ltr'><strong>V.</strong></span> <span class='ocrx_word' id='word_1_202' title='bbox 762 4028 786 4083; x_wconf 86' lang='lat'><strong>1.</strong></span> <span class='ocrx_word' id='word_1_203' title='bbox 804 4047 831 4098; x_wconf 84' lang='lat' dir='ltr'><strong>p.</strong></span> <span class='ocrx_word' id='word_1_204' title='bbox 850 4028 893 4084; x_wconf 83' lang='lat'><strong>25.</strong></span> 
     </span>
    </p>
   </div>
   <div class='ocr_carea' id='block_1_6' title="bbox 731 4131 761 4198">
    <p class='ocr_par' dir='ltr' id='par_1_7' title="bbox 731 4131 761 4198">
     <span class='ocr_line' id='line_1_32' title="bbox 731 4131 761 4198; baseline 0 0"><span class='ocrx_word' id='word_1_205' title='bbox 731 4131 761 4198; x_wconf 77' lang='lat'><strong>1,</strong></span> 
     </span>
    </p>
   </div>
   <div class='ocr_carea' id='block_1_7' title="bbox 0 0 1502 5220">
    <p class='ocr_par' dir='ltr' id='par_1_8' title="bbox 0 0 1502 5220">
     <span class='ocr_line' id='line_1_33' title="bbox 0 0 1502 5220; baseline 0 0"><span class='ocrx_word' id='word_1_206' title='bbox 0 0 1502 5220; x_wconf 95' lang='lat' dir='ltr'><strong> </strong></span> 
     </span>
    </p>
   </div>
  </div>
 </body>
</html>
