2992 5220
651 530 695 548 o-
718 512 777 579 1⁵7
793 522 842 549 '-

277 676 320 742 do
347 674 502 761 legimus,
522 674 651 742 ductum
684 674 782 741 esset
813 674 850 743 ln
878 674 1055 741 memoriam
1083 692 1211 746 revoce-

280 809 351 858 mus
383 791 563 878 dialogum,
593 791 650 875 qui
675 794 808 876 Χάρωνος
837 794 888 860 καὶ
926 797 1034 876 Ἑρμοῦ
1064 790 1212 858 inscribi-

276 922 329 973 tur
348 910 393 975 ω.
444 908 651 976 Advenerunt
688 906 804 973 mortui
837 920 925 973 tanto
953 926 1103 989 numero,
1147 922 1209 992 ut,

276 1024 338 1090 nisi
366 1024 549 1109 reliquerint
573 1025 606 1091 in
637 1025 730 1092 litore
750 1024 909 1109 superflua
933 1026 1055 1106 omnia,
1077 1027 1116 1092 de
1136 1025 1210 1109 ipso

275 1141 426 1227 nauigio,
456 1160 496 1208 ne
523 1142 746 1227 immergatur,
778 1157 895 1208 metuat
920 1142 1062 1208 Charon.
1111 1141 1211 1229 Jubet

276 1256 329 1323 bic
366 1256 463 1344 igitur
489 1259 561 1325 illos
591 1257 686 1325 nudos
711 1260 829 1345 ingredi
863 1279 897 1325 ac
931 1259 1094 1327 Mercurio
1123 1279 1217 1346 prae.

276 1373 378 1457 cinit,
421 1391 457 1442 ut
485 1395 527 1443 ne
555 1376 709 1461 accipiat,
752 1376 813 1445 uisi
847 1377 902 1460 qui
932 1377 1017 1443 omni
1044 1379 1086 1443 sit
1115 1395 1212 1444 onere

276 1509 409 1558 vacuus.
453 1492 540 1562 Facit
567 1493 773 1578 Mercurius,
795 1509 890 1578 atque
915 1496 954 1562 ad
988 1498 1100 1561 scalam
1117 1514 1213 1563 nava·
1252 1565 1254 1572 ,

276 1611 337 1676 itm
364 1609 512 1692 adstans,
555 1627 592 1677 ut
620 1612 739 1695 primus
773 1611 881 1698 prodit
910 1613 1106 1698 Menippus,
1149 1627 1209 1695 tu,

275 1725 403 1806 inquit,
426 1723 581 1805 quises?
603 1726 778 1810 Menippus
809 1749 906 1811 sum,
928 1732 1114 1814 respondet:
1136 1748 1213 1798 ecce

276 1858 354 1906 vero
382 1859 457 1924 pera
483 1839 582 1920 mihi,
605 1840 769 1923 Mercuri,
792 1845 986 1928 baculusque
1010 1848 1042 1912 in
1063 1849 1210 1931 paludem

276 1958 401 2043 abjecta
426 1970 546 2024 sunto:
582 1957 708 2041 pailium
739 1973 842 2025 autem
867 1975 951 2026 recte
977 1961 1063 2041 feci,
1095 1964 1150 2044 qui
1170 1980 1214 2028 ne
1295 1981 1297 1985 ’

279 2076 402 2144 tulerim
429 2075 556 2159 quidem
582 2095 716 2142 mecum.
761 2076 826 2144 Cui
857 2075 1060 2143 Mercurius:
1090 2077 1214 2145 inscen-

276 2194 340 2275 de‚
362 2192 539 2279 Menippe‚
567 2193 635 2276 ait,
665 2194 806 2260 virorum
835 2192 978 2278 optime,
1017 2194 1213 2278 primamque

277 2312 380 2377 aedem
405 2313 494 2394 iuxta
521 2309 758 2395 gubernatorem
788 2311 821 2374 in
843 2313 908 2374 aito
939 2312 1071 2393 obtine,
1103 2326 1139 2377 ut
1164 2311 1214 2377 in·

275 2425 390 2510 spicios
418 2444 540 2492 omnes.
585 2425 649 2492 Hic
669 2426 722 2490 alii
745 2441 778 2493 ct
803 2444 954 2510 perquam
977 2446 995 2492 a
1016 2445 1051 2493 se
1079 2428 1214 2496 invicem

277 2541 419 2625 diversi,
448 2541 617 2609 identidem
647 2542 843 2626 procedunt,
874 2545 1082 2611 CharmoIaus
1109 2544 1214 2610 conti·

275 2680 365 2742 nuo,
395 2659 556 2727 formosus
578 2659 652 2741 ille,
679 2661 771 2744 cujus
802 2664 946 2726 osculum
975 2660 1058 2726 binis
1084 2662 1210 2743 talentis

274 2777 515 2859 aestimabatur,
557 2778 870 2860 tum'Larnpichus,
901 2778 1078 2845 Geiobrum
1106 2793 1212 2863 tyran-

277 2912 364 2975 nus,
395 2893 554 2961 Damasias
580 2895 717 2975 athleta,
751 2894 886 2976 Crates,
909 2895 997 2960 dives
1017 2895 1093 2975 ille,
1115 2914 1213 2960 arma·

277 3027 331 3079 tua
355 3015 428 3078 item
459 3010 598 3095 aliquis,
629 3010 685 3094 qui
718 3026 878 3094 tropaeum
905 3010 1007 3077 affert.
1051 3010 1156 3095 Aegre
1178 3011 1211 3078 hi

278 3147 411 3213 omnes,
445 3131 533 3214 quod
553 3128 632 3215 ipsis
663 3130 694 3195 in
722 3129 787 3196 vita
814 3129 937 3215 insigne
963 3106 1051 3210 fuit,
1079 3146 1213 3211 quoque

277 3247 370 3312 unice
400 3248 524 3329 gloriari
554 3247 720 3322 solebant,
753 3247 936 3326 deponunt:
972 3259 1105 3326 tyranno
1133 3263 1211 3309 vero

278 3359 411 3425 mraxime
437 3359 605 3423 molestum
634 3356 765 3434 accidit,
787 3358 869 3441 regia
898 3355 1030 3439 insignia
1056 3358 1210 3440 abjiceret

278 3473 383 3558 quid?
414 3470 541 3554 inquit,
572 3488 662 3536 mene
689 3470 801 3552 decet,
833 3471 995 3551 Mercuri,
1016 3473 1135 3537 nudum
1165 3474 1214 3539 in-

278 3589 388 3680 gredi,
410 3591 467 3672 qui
497 3596 647 3672 tyrannus
676 3589 776 3654 sumi
805 3587 868 3654 Cui
894 3587 1097 3668 Mercurius,
1130 3590 1214 3657 baud

278 3723 315 3776 tu
343 3707 469 3791 quidem
501 3704 576 3786 bic,
609 3703 758 3788 reponit,
789 3718 966 3788 tyrannus,
997 3705 1052 3769 sed
1081 3705 1210 3771 omnino

278 3842 423 3895 mortuus
451 3840 497 3891 es.
541 3820 596 3888 Ut>
618 3839 696 3888 vero
725 3819 856 3908 ingressi
876 3820 911 3890 hi
933 3838 1041 3887 omnes
1062 3823 1208 3904 scapham

1113 3952 1209 4021 sunt,

317 4076 358 4165 (ι)
371 4075 451 4130 nur.
470 4075 508 4130 x.
525 4093 553 4146 p.
571 4076 629 4133 aas.
