2992 5220
661 476 852 560 -αις-

280 648 499 734 fumant,·ab
529 650 602 734 his,
624 655 680 737 qui
697 672 781 722 surm
806 668 901 725 sunt:
939 657 1024 726 unde
1058 658 1211 746 originem

277 766 393 834 amoris
432 767 589 851 simulque
621 771 698 855 ejus
720 771 795 839 vim·
815 789 1020 863 naturamque
1062 779 1208 860 explicat.

214 864 217 871 ¹
277 883 315 950 ln
348 885 487 952 Socratis
524 903 602 952 vero
633 887 795 973 oratione,
837 890 996 957 interioris
1032 891 1210 978 indaginis,

277 1021 359 1084 quae
385 1002 543 1069 cernendo
572 1004 739 1086 procedit,
776 1005 914 1089 perfecta
946 1022 1046 1074 exstat
1072 1009 1207 1091 species.

276 1117 437 1202 Opposita
465 1137 580 1203 nempe
610 1121 683 1187 haec
699 1136 764 1190 cst
788 1143 860 1190 cum
895 1138 1088 1191 caeterorum
1102 1143 1210 1202 'caco-

275 1235 367 1316 miis,
394 1249 463 1303 tum
491 1234 635 1302 laudibus
658 1239 810 1320 maxime,
833 1239 950 1321 quibus
975 1240 1102 1326 Agatho
1134 1255 1211 1325 post

274 1351 509 1419 illosamorern
539 1354 758 1422 celebraverat.
809 1356 886 1422 Non
911 1357 1101 1452 discrevisse
1127 1360 1209 1441 hos,

274 1467 319 1533 ait
347 1467 517 1549 Socrates,
560 1467 599 1533 ab
631 1467 748 1533 effectu
781 1471 896 1541 amoris
923 1490 1058 1539 amorem
1087 1472 1206 1555 ipsum.

275 1583 355 1653 Nec:
376 1584 486 1665 pulcer
506 1595 556 1648 est
583 1600 641 1648 nec
672 1582 786 1649 bonus*
811 1600 916 1651 amor:
961 1605 1030 1653 nam
1063 1589 1210 1670 pulcrum

275 1699 629 1782 bonumqueappetit3
664 1716 745 1780 quae
772 1712 876 1764 autem
892 1700 977 1780 -quis
1004 1704 1144 1786 appetit,
1176 1723 1213 1771 ea
1292 1719 1293 1722 ’

257 1804 343 1885 mon
373 1816 480 1884 habet.
525 1817 611 1883 Haec
633 1833 710 1883 vero
737 1829 778 1883 ct·
799 1830 918 1882 caetera
946 1817 1051 1883 omnia
1077 1823 1214 1902 praecla-

277 1951 334 2012 ra,
356 1948 438 2013 quae
459 1929 523 2013 ipsi
546 1930 645 1995 amori
666 1929 805 1996 tribuere
831 1933 944 2014 poitae
970 1934 1098 2014 solent,
1120 1933 1216 2002 effoc-

173 2023 176 2027 ’
277 2049 327 2115 tul
355 2051 424 2134 ejus
448 2047 611 2114 tribuenda
639 2061 727 2114 sunt.
770 2045 879 2113 Efficit
911 2046 1030 2114 scilicet
1046 2067 1153 2130 amor,
1177 2064 1213 2116 ut

276 2183 389 2235 nactus
412 2166 484 2250 quis
509 2166 561 2230 illa
590 2165 660 2232 talis
680 2165 749 2247 lpse
768 2163 836 2231 fiat.
859 2212 862 2217 -
881 2162 1020 2250 Quibus.
1033 2163 1075 2230 ita
1097 2165 1214 2234 discre-

277 2286 343 2367 tis',
358 2284 443 2367 ¹quid
468 2283 541 2350 inde
569 2282 693 2349 duxerit
723 2282 867 2348 Socrates
888 2300 961 2348 cum
985 2281 1022 2349 ad
1040 2281 1106 2348 vim
1127 2303 1213 2350 amo·

277 2403 321 2469 ris
342 2403 378 2475 in¹
399 2418 449 2468 tes
470 2401 631 2467 hominum
656 2412 689 2466 et
711 2399 899 2478 civitatum,
929 2410 997 2463 tum
1019 2416 1096 2464 vero
1118 2399 1212 2467 etiarn

276 2521 315 2587 ad
344 2519 407 2594 hoc
427 2519 647 2601 explorandum
678 2517 808 2582 interius
835 2529 963 2580 naturae
988 2516 1141 2582 humanae
1159 2517 1214 2601 de·

275 2634 448 2715 siderium,
469 2651 563 2715 supra
585 2631 786 2720 attendimus.
830 2631 1031 2696 Documento
1051 2643 1154 2717 autem
1168 2641 1212 2697 'et

275 2768 365 2820 totus
395 2749 448 2816 hic
478 2749 619 2833 dialogus
653 2762 702 2812 est
731 2762 763 2813 et
802 2745 835 2811 hi
862 2759 937 2811 sunt
976 2746 1108 2813 maxime
1137 2766 1211 2813 cum

274 2868 388 2953 ipsius
407 2865 571 2945 Socratis,
616 2877 683 2929 tum
721 2861 902 2942 Diotimae,
948 2881 1029 2945 quos
1070 2877 1211 2938 enarrat,

275 2999 459 3060 sermones,
499 2981 647 3060 quaesit
677 2977 715 3043 ad
746 2994 796 3041 res
824 2975 956 3041 interius
988 2976 1211 3059 perquirendas

231 3130 234 3135 ·
275 3097 445 3183 analyticae
469 3093 597 3160 rationis
617 3094 667 3159 vis
688 3109 720 3161 et
742 3093 903 3160 efficacitas
927 3089 972 3157 (¹³.

387 3297 465 3373 ,De
494 3300 536 3366 si
565 3295 815 3378 analyticas
844 3295 1098 3380 scriptionis

230 3490 233 3497 ,
271 3494 280 3506 ,
308 3414 365 3486 ad
392 3411 657 3484 excitandum
689 3415 732 3476 in
763 3413 999 3497 legantium
1032 3412 1196 3507 animis*

286 3595 290 3603 .
396 3527 738 3624 explendumque
769 3529 1086 3623 scrivamonc'm.

276 3710 404 3822 '‘Qt'aid
427 3733 505 3798 illud
525 3732 591 3814 sit,
615 3731 701 3813 quod
725 3728 918 3827 in'Phaedro
942 3726 1086 3795 Socrates
1115 3730 1214 3814 scrip.

271 3829 340 3939 :toti
365 3830 570 3961 praescribit,
592 3853 627 3914 in
645 3851 718 3936 ipris
746 3844 1073 3965 lominum'mentibas
1101 3831 1214 3976 scribs-

1151 3981 1209 4042 rt,

272 4036 278 4045 .
312 4077 1086 4157 (tlsympoaropetato.Ci.sopraVol.1·p.178.
1119 4053 1142 4074 ⁵
1191 4136 1196 4143 ¹
