2992 5220
635 477 833 524 *¹121-

275 666 312 713 ro
341 645 474 711 absurda
509 654 622 727 putet:
666 638 700 704 in
724 636 775 703 his
805 635 908 722 ipsius
946 636 1103 704 scribendi
1129 642 1203 723 arus
1264 688 1270 695 .

272 759 489 843 vituperatio,
521 755 670 824 nocuisse
692 771 757 820 eam
779 752 941 818 hominurn
962 751 1067 838 generi
1086 752 1205 839 magis,

277 895 371 959 quarn
404 873 585 958 profuisse:
615 885 682 938 tum
712 871 774 936 hoc
802 868 1007 953 praesertim,
1028 866 1118 936 fateri
1137 869 1207 936 Pn-

140 1081 142 1090 y
277 1007 384 1059 tonem
416 991 450 1057 in
481 990 637 1075 epistola,
670 1004 750 1070 quae
776 985 837 1069 ipsi
864 984 1035 1066 tribuitur,
1065 1002 1101 1051 se
1129 983 1208 1050 nihil

277 1108 461 1193 scripsisse,
484 1122 658 1188 quaerero
679 1101 777 1185 ipsius
799 1101 926 1167 nomine
944 1099 1121 1184 ferrentur,
1146 1101 1209 1168 So·

278 1224 372 1292 cratis
399 1241 480 1290 esse.
519 1220 655 1289 Disertis
674 1212 715 1288 'id
735 1217 840 1286 verbis
861 1218 995 1285 dicitur:
1028 1222 1078 1290 iul
1104 1225 1207 1291 ταῦτα

187 1338 192 1347 ’
279 1345 359 1413 οὐδὲν
384 1342 498 1412 πώποτ’
517 1342 577 1420 lya
596 1339 790 1423 περὶτούτων
808 1339 968 1423 γέγραφα·
987 1335 1048 1408 odl'
1066 1338 1207 1419 karu'r

275 1482 409 1542 nauus
437 1456 598 1532 Πλάτωνος
620 1458 700 1531 dila
729 1456 789 1525 out·
816 1455 897 1531 isar·
919 1457 961 1527 τὸ
986 1455 1017 1523 δὲ
1039 1459 1089 1523 νῦν
1114 1453 1206 1534 λεγό-

274 1597 373 1656 μενα,
407 1573 582 1657 Σωκράτους
607 1572 673 1651 ἐς),
703 1577 798 1640 sanai
818 1571 869 1638 sol
893 1577 957 1639 νεοῦ
982 1571 1141 1652 γεγονότος
1162 1568 1207 1634 (¹³.

188 1770 190 1775 Ι
276 1688 476 1771 thuamvis
496 1687 576 1752 hanc
596 1685 760 1770 epistolam
783 1685 856 1767 quis
874 1684 983 1750 habeat
1002 1703 1067 1751 non
1086 1684 1208 1769 abipso

274 1802 432 1888 Platone,
463 1800 556 1867 seda
577 1801 738 1865 Platonico
770 1801 898 1869 homine
921 1800 1093 1884 scriptam,
1126 1800 1210 1868 unde

277 1917 311 1984 id
337 1917 391 1984 ille
418 1902 580 1996 hauserit,
604 1915 744 1997 quidque
761 1931 801 1980 eo
824 1915 1031 1997 spectaverit,
1060 1935 1210 1998 quaeren-
1237 1999 1240 2005 .

276 2036 352 2102 dum
368 2033 505 2101 videtur-.-
528 2031 771 2116 Obstupescunt
787 2030 838 2095 his
857 2029 1017 2111 hominos,
1030 2030 1087 2113 qui
1106 2032 1210 2097 Plato-

275 2168 347 2219 nem
367 2152 502 2236 legunt,
524 2164 560 2214 ut
571 2149 775 2216 Aristotelem
794 2149 899 2214 solent
916 2161 949 2215 et
959 2148 1129 2215 hodiernos
1140 2148 1212 2235 phi·

276 2267 455 2350 losophosa
478 2266 709 2332 dissertationes
726 2285 761 2332 se
776 2272 927 2346 tractare,
951 2285 1047 2347 quum
1067 2267 1209 2353 dialogos

274 2391 411 2463 legunt,
440 2379 647 2460 arbitrantur,
669 2378 931 2461 confunduntque
963 2399 1034 2446 cum
1064 2382 1206 2466 cujusvis

280 2494 444 2579 scriptoris
476 2493 651 2560 rhetorisve
691 2493 829 2560 divinum
859 2495 998 2562 Platonis
1032 2496 1206 2583 ingenium.
1277 2522 1280 2527 ·

277 2611 352 2680 Nos
375 2628 476 2691 vero,
498 2628 577 2695 age,
599 2629 717 2678 novum
745 2609 823 2677 illud
851 2610 1076 2697 exquiramus,
1099 2616 1207 2701 (quod

277 2727 454 2811 diximus),
488 2725 644 2792 scribendi
673 2746 791 2811 genus,
824 2729 911 2810 quod
936 2729 1029 2799 unice
1058 2733 1207 2816 probavit

276 2844 389 2926 Plato,
417 2845 572 2929 cujusque
609 2845 647 2912 ad
674 2846 849 2928 exemplum
880 2864 944 2912 non
972 2848 1207 2918 dissertationes

277 2961 383 3029 nescio
417 2979 516 3043 quas,
539 2962 594 3027 sed
621 2961 762 3042 dialogos
793 2962 931 3046 scripsit.
986 2964 1207 3048 Suppeditabit

275 3097 377 3146 autem
404 3077 497 3145 nobis
528 3078 628 3161 illud,
671 3079 704 3144 ni
735 3077 896 3161 fallimur,
938 3080 1068 3147 Phaedri
1094 3081 1209 3169 dialogi

275 3214 348 3278 pars
378 3210 546 3278 postrema.
614 3195 676 3261 Sed
702 3196 838 3277 primum
877 3196 917 3262 de
944 3196 1021 3264 artis
1052 3194 1208 3267 icribendi

275 3309 517 3391 reprehensione
546 3309 794 3389 disceptandum.

317 3423 437 3503 Utilis,
458 3422 502 3487 ait
533 3422 677 3487 Socrates
703 3422 790 3504 illic,
811 3423 928 3507 scripta
961 3427 1061 3493 oratio
1083 3441 1132 3496 est
1153 3430 1209 3497 ad·

277 3536 461 3606 monitionis
490 3556 622 3618 caussa3
657 3538 771 3620 quodsi
798 3541 837 3606 ad
864 3548 1116 3626 cognoscendum
1155 3547 1212 3616 de·

183 3672 187 3681 ¹
277 3657 434 3736 minatur,
457 3662 550 3718 omne
577 3652 635 3719 erit
659 3653 824 3721 scribentis
854 3657 993 3725 studium
1015 3678 1080 3729 non
1099 3661 1211 3733 inutile

277 3775 402 3881 solum,
445 3772 502 3838 scd
526 3769 655 3837 noxium
688 3773 878 3856 legentibus.
943 3775 1116 3862 colloquio
1147 3783 1208 3850 hoc

1131 3896 1205 3965 effa·

319 4018 361 4088 (ι)
380 4018 468 4090 Epist.
485 4023 519 4074 ad
535 4023 650 4094 Dionys.
669 4023 707 4078 11.
725 4024 785 4081 ³14.
803 4027 835 4083 C·
892 4066 894 4071 -
954 4022 957 4027 ’
