2992 5220
821 479 994 542 ..60-

441 677 516 731 uere
540 660 581 724 sit
607 658 775 740 pulcrum,
805 674 879 722 vere
901 656 941 720 sit
973 658 1091 722 bonum
1110 657 1314 741 justumque,
1335 675 1367 726 et

441 778 562 858 qualem
581 793 652 841 esse
669 787 813 857 oporteat
843 773 945 839 virum
977 774 1095 839 bonum
1121 788 1153 840 et
1183 775 1365 859 sapientem.

440 891 572 979 Quaerit
591 892 714 973 quidem
736 891 787 956 ille
805 889 980 955 formosum
1001 891 1171 958 continuo:
1195 911 1265 957 nam
1293 892 1369 974 quid

440 1010 552 1092 pulcro
571 1022 621 1074 est
643 1007 828 1074 amabilius?
849 1023 882 1073 et
905 1027 983 1074 ueto
1010 1009 1110 1100 pulcri
1136 1010 1286 1093 adspectu
1314 1029 1369 1076 ve·

440 1124 542 1190 ritatis
570 1125 760 1206 virtutisque
785 1143 871 1188 amor
898 1123 1040 1206 inprimis
1070 1128 1272 1208 accenditur3
1312 1127 1367 1194 sed

440 1216 659 1322 qualicumque
676 1241 718 1305 sit
739 1240 790 1304 ille
810 1238 933 1318 forma,
957 1239 1077 1305 etiamsi
1105 1244 1156 1306 vel
1176 1244 1298 1308 Socrati
1327 1246 1368 1310 sit

438 1354 548 1419 similis
561 1400 572 1436 ,
585 1355 743 1420 suffecerit
753 1401 764 1435 ‚
775 1354 962 1433 dummodo,
973 1350 1021 1418 'ut
1043 1354 1210 1436 Socrates,
1223 1357 1307 1423 intus
1325 1360 1368 1423 sit

435 1472 557 1555 pulcer.
601 1470 807 1552 Nant'turpis
832 1469 954 1533 anitnus
989 1487 1053 1534 non
1080 1488 1214 1551 corpore
1239 1470 1275 1535 lit
1300 1469 1367 1535 ior·

437 1604 569 1665 arrosus,
597 1586 653 1650 sed
671 1584 792 1650 animus
821 1585 848 1649 si
883 1585 925 1649 sit
951 1586 1084 1668 pulcer,
1117 1601 1249 1653 taetrum
1278 1589 1373 1654 etiarn

435 1720 553 1783 corpus
579 1700 752 1767 formosum
783 1701 894 1767 reddit.
938 1702 1056 1786 Quidni
1084 1702 1180 1783 igitur
1207 1704 1268 1769 hoc
1296 1720 1365 1790 agat

435 1817 505 1884 dati
526 1821 623 1902 opera
645 1817 880 1901 philosophus,
911 1818 962 1883 cui
995 1818 1155 1885 hominum
1186 1823 1291 1887 cultus
1312 1841 1367 1887 cu·

435 1953 486 2001 rae
504 1934 657 2016 cordique
681 1950 750 2016 est,
780 1949 826 2005 ut,
844 1934 991 2001 conciliet
1014 1937 1264 2004 adolescentibus
1286 1958 1368 2003 ama·

434 2053 525 2134 sios,
556 2053 584 2118 si
616 2053 742 2134 quidem
768 2053 829 2135 ipsi
864 2053 1001 2135 repetire
1028 2053 1141 2138 dignos
1169 2072 1229 2118 suo
1259 2055 1366 2119 studio

434 2187 499 2236 non
524 2169 711 2254 potuerint?
734 2168 932 2235 Conciliundi
956 2184 1059 2236 autern
1086 2170 1149 2235 illis
1175 2171 1250 2235 tales
1269 2185 1363 2251 sunt,

435 2289 543 2370 quales
565 2287 705 2370 ipsorum
731 2300 861 2353 natutae
886 2287 1094 2367 conveniant,
1124 2300 1159 2351 ut
1187 2304 1227 2351 ex
1250 2285 1365 2352 studiis

434 2405 698 2485 sermonibusque
728 2404 870 2484 mutuis,
908 2421 947 2469 cx
976 2404 1135 2470 communi
1169 2403 1364 2488 ingeniorum

434 2520 622 2587 commercio
643 2534 676 2584 et
696 2519 925 2586 consuetudine
948 2520 1096 2598 inventa,
1120 2534 1273 2600 tamquam
1299 2515 1368 2584 ioe-

434 2620 511 2715 tus‚'
531 2637 649 2718 optima
667 2652 847 2701 nascantur.
892 2636 965 2714 Sic,
988 2636 1092 2700 indole
1110 2651 1274 2717 perspecta
1293 2636 1369 2700 ado·

431 2752 617 2831 lescentiue,
639 2752 782 2815 lenonem
801 2768 836 2814 se
853 2748 972 2814 ferebat
991 2749 1136 2815 Socrates
1154 2750 1362 2832 ingeniorum.
1439 2834 1447 2846 ι

434 2868 517 2938 Natu
538 2868 597 2932 hoc
621 2866 764 2947 tenebat,
786 2866 872 2947 quod
898 2865 990 2929 nobis
1010 2865 1239 2947 Erysimaeltus
1266 2882 1364 2946 expo·

434 2987 519 3066 suit,
542 2980 573 3024 (ἢ
595 2981 748 3064 optimum
779 2999 849 3047 esse
869 2981 1043 3061 medicum,
1066 2981 1120 3061 qui
1145 2982 1286 3064 corporis
1311 3001 1366 3065 ap-

435 3100 587 3185 petitibus
609 3097 701 3161 bonis
721 3097 895 3180 indulgeret
915 3098 1159 3178 alinrentutnque
1184 3098 1365 3183 praeberet,

434 3218 533 3285 malos
551 3217 694 3280 tolleret:
718 3214 834 3298 pariter
862 3228 965 3279 autem
994 3214 1098 3278 animo
1123 3214 1210 3280 illum
1238 3217 1365 3300 prospi-

434 3354 505 3404 cere
527 3333 647 3420 optime
671 3331 919 3418 philosophum,
950 3331 1026 3410 qui,
1048 3330 1153 3414 pravis
1180 3331 1365 3398 libidinibus

434 3455 581 3521 alimento
598 3450 746 3530 sublato,
768 3447 865 3514 atnori
887 3447 982 3513 insito
1002 3449 1068 3514 veri
1090 3451 1256 3533 pulcrique
1276 3450 1367 3518 unice

435 3568 676 3652 gratificaretur:
700 3566 833 3648 fierique
854 3567 914 3632 hoc
942 3566 1103 3649 aptissime
1127 3569 1365 3648 certissimeque

434 3683 529 3750 bonis
553 3700 624 3746 cum
648 3683 741 3748 bortis
759 3683 985 3767 conjungendis
1013 3696 1046 3747 et
1064 3703 1126 3748 suo
1149 3684 1264 3763 cuique
1283 3701 1363 3746 ama-

434 3796 487 3867 sio
506 3796 713 3864 conciliando·
759 3798 821 3865 Sed
849 3798 929 3865 idem
956 3798 1119 3880 Socrates,
1142 3813 1177 3862 ut
1204 3799 1259 3863 hac
1278 3797 1366 3881 inge·

1289 3913 1366 3983 ‚nio-

394 4064 399 4075 ·
473 4029 513 4101 (a)
534 4027 627 4101 Symp.
646 4031 693 4101 187
712 4030 749 4084 Ι).
