2992 5220
799 362 815 422 l

881 479 924 494 ..
947 445 988 524 58
1008 477 1054 492 .-

499 621 590 687 etiam
614 619 701 701 illis,
722 619 928 686 anxietatibus
953 625 1133 704 replentur:
1157 621 1217 686 hos
1244 637 1347 691 autem
1368 625 1426 690 do·

497 737 581 801 lores
612 754 662 800 ars
687 755 753 802 mea
784 750 815 802 et
842 738 975 804 excitare
1002 753 1109 820 potest
1130 753 1161 804 et
1190 741 1308 807 sedare.
1363 743 1424 807 At·

498 871 562 935 que
588 852 631 918 ita
659 854 785 936 quidem
807 854 861 919 isti
887 873 922 920 se
949 855 1086 936 habent3
1126 856 1292 938 aliquando
1322 877 1426 940 vero,

498 988 519 1036 o
549 969 742 1051 Theaetete,
775 972 803 1036 si
832 972 888 1053 qui
918 973 993 1039 mihi
1026 992 1092 1038 nou
1130 992 1199 1040 esse
1221 992 1427 1059 praegnantes

476 1085 661 1168 -videntur,
683 1088 785 1153 scieas
807 1108 866 1172 ego
886 1089 963 1155 nihil
990 1109 1040 1153 me
1070 1089 1109 1154 iis
1139 1091 1290 1174 prodesse
1304 1109 1425 1175 posse,

495 1203 564 1269 aliis
589 1222 646 1271 eos
670 1198 823 1270 benevole
847 1205 1053 1292 desponde0‚
1075 1220 1131 1287 et,
1153 1208 1241 1288 quod
1266 1227 1331 1273 non
1358 1209 1428 1276 siae

494 1319 557 1388 Dei
580 1321 706 1386 numine
736 1322 826 1401 dieo,
858 1322 933 1387 satis
965 1324 1123 1407 praesagio
1150 1339 1264 1404 acute,
1292 1325 1427 1407 quibus·

494 1453 565 1503 nam
592 1436 637 1502 illi
663 1436 714 1502 usi
739 1436 915 1519 proficiant.
972 1437 1115 1524 Quorum
1144 1441 1261 1505 multos
1289 1441 1426 1506 Prodico

495 1553 626 1633 tradidi,
664 1556 781 1620 multos
810 1554 878 1617 aliis
907 1553 1099 1636 sapientibus
1129 1570 1161 1621 et
1187 1552 1299 1622 divinis
1330 1556 1420 1623 viris.

495 1661 583 1736 Haec
604 1669 686 1750 tibi,
709 1670 847 1752 optime,
870 1671 927 1735 hac
950 1672 989 1736 de
1003 1691 1112 1737 caussa
1131 1672 1236 1739 fusius
1257 1673 1421 1754 enarravi,

430 1820 436 1833 ·
494 1784 674 1867 auspicatus
704 1786 841 1867 scilicet,
864 1801 915 1868 te,
938 1788 1196 1868 quemadmodum
1220 1791 1289 1874 ipse
1309 1805 1427 1873 putas,

495 1917 712 1988 praegnantem
742 1906 908 1996 parturire.
954 1905 1126 1971 Committe
1149 1921 1179 1971 te
1206 1906 1301 1991 igitur
1325 1905 1427 1988 milri,
1469 1933 1477 1940 ·

465 2035 532 2096 ,ut
563 2019 630 2085 lilio
660 2020 839 2086 obstetricis
864 2035 896 2087 et
924 2022 986 2104 ipsi
1010 2022 1208 2088 obstetricias
1239 2023 1314 2087 artis
1342 2025 1426 2106 peri·
1446 2000 1460 2072 ’-

492 2116 553 2218 to,
576 2156 720 2219 quaeque
747 2157 847 2221 rogo,
869 2139 907 2203 ad
937 2140 1011 2204 haec
1032 2157 1091 2219 pro
1112 2139 1233 2203 viribus
1256 2141 1424 2221 responde.

435 2287 436 2291 =
494 2253 620 2342 Quodsi
647 2252 732 2320 forte
761 2273 893 2334 eorum,
927 2265 1007 2335 quae
1035 2254 1143 2335 dices,
1174 2229 1340 2337 explorans
1371 2256 1427 2320 ali·

495 2372 590 2455 quid,
612 2371 810 2436 simulacrum
829 2388 921 2451 esse,
948 2389 1012 2434 non
1028 2389 1161 2450 verum,
1184 2370 1425 2450 existimavero,

493 2489 606 2559 deiude
630 2491 789 2554 sustulero
821 2502 915 2570 atque
936 2488 1099 2572 abjecero,
1122 2507 1162 2553 ne
1181 2489 1319 2554 irascaris
1341 2507 1426 2568 oro,

492 2606 601 2689 prouti
639 2605 743 2687 primo
777 2619 870 2686 partu
901 2623 1071 2687 puerperae
1100 2605 1189 2687 prole
1231 2606 1342 2689 rejecta
1372 2623 1437 2681 sos
1475 2684 1484 2697 .

491 2724 570 2787 lent.
625 2720 725 2783 Multi
753 2722 815 2803 jam
846 2720 952 2798 enim,
982 2719 1113 2784 mirifice
1143 2720 1344 2802 adolescens,
1377 2720 1425 2786 sie

495 2834 529 2901 in
555 2851 606 2898 me
627 2831 729 2897 affecti
754 2847 854 2913 sunt,
877 2847 912 2897 ut
946 2835 1036 2916 plane
1062 2835 1101 2898 ad
1130 2835 1332 2901 mordendum
1360 2834 1426 2901 sint

493 2951 618 3036 parati,
659 2950 784 3031 quando
818 2949 896 3031 ipsis
926 2969 1024 3034 nugas
1061 2952 1208 3032 quasdam
1243 2938 1426 3032 detraham,

494 3086 553 3133 nec
585 3081 698 3148 putant
725 3066 757 3130 id
787 3084 804 3130 a
831 3084 881 3131 me
911 3066 1129 3134 benevolentia
1158 3067 1237 3133 lieri.
1285 3067 1427 3132 Multum

496 3183 608 3264 abest,
649 3196 685 3247 ut
706 3182 830 3265 sciant,
862 3186 982 3251 nullum
1012 3204 1083 3251 esse
1114 3185 1215 3249 Deum
1247 3182 1429 3250 hominibus

495 3304 707 3381 malevolum,
736 3320 793 3366 nec
821 3320 896 3367 vero
923 3322 972 3367 me
1000 3302 1169 3384 quidquam
1205 3302 1265 3365 tale
1293 3277 1429 3366 malevo·

495 3419 591 3487 lentia
617 3417 741 3486 faceret
786 3417 862 3484 mihi
890 3439 967 3485 vero
1003 3419 1116 3485 falsum
1145 3419 1306 3485 admittere
1333 3434 1430 3503 atque

495 3536 690 3602 abscondere
713 3553 846 3615 verum,
869 3538 958 3602 nullo
981 3539 1074 3602 ruodo
1101 3536 1221 3601 licitum
1251 3550 1312 3601 est.
1339 3536 1369 3579 <¹2
1414 3621 1418 3630 Ι

540 3653 643 3716 Nolui
674 3651 869 3736 interpellare
898 3654 1080 3732 Socratem,
1099 3653 1173 3716 haec
1193 3652 1233 3714 ita
1255 3650 1429 3715 Theaeteto

497 3780 530 3832 et
554 3766 728 3833 Theodoro
758 3785 970 3849 enarrantem,
1001 3782 1036 3833 ut
1065 3787 1128 3832 rem
1148 3786 1195 3831 ea
1226 3765 1299 3846 ipso
1329 3777 1426 3829 totam

1358 3899 1429 3962 per·

537 4018 578 4088 (a)
598 4016 710 4070 Theael.
729 4019 777 4073 148
790 4017 812 4071 E
825 4019 899 4072 -131
914 4016 952 4069 D.
