2992 5220
580 475 753 557 ιιι-64-ὁ

200 666 300 720 terant
328 673 392 720 non
419 644 579 720 celerrime
607 656 764 738 progredi.
811 652 882 720 Hoc
910 655 982 721 item
1010 667 1041 721 et
1067 648 1129 738 ipsi

199 772 397 836 tribuendum
438 771 575 851 Socrati,
621 772 675 854 qui
705 773 782 838 miri
812 772 931 837 valebat
957 771 1127 850 incitandi,

199 897 251 958 τοῦ
273 893 483 973 προτρέπεσθαι
504 886 650 953 facultate
673 886 829 969 naturali,
862 902 926 953 turn
947 906 985 953 ex
1008 888 1130 954 discen·

199 1005 277 1069 tium
306 1011 416 1071 natura
446 1020 477 1070 et
508 1005 634 1088 ingenio
666 1005 861 1090 intelligitur.
925 1006 968 1070 Et
992 1004 1127 1088 primurn

198 1122 323 1203 quidem
350 1123 445 1187 rudes
469 1122 566 1186 videti
594 1137 625 1186 et
650 1122 769 1186 indocti
799 1120 976 1203 debebant,
1009 1123 1128 1204 quibus

201 1239 319 1320 quippe
341 1239 484 1302 Socrates
514 1255 636 1302 omnem
664 1238 823 1301 doctrinae
852 1237 988 1319 speciem
1013 1237 1060 1301 sic
1081 1238 1129 1301 in·

199 1353 384 1437 terrogando
424 1354 592 1433 adimeret,
633 1369 670 1416 ot
703 1352 764 1435 ipsi
796 1366 988 1435 cogerentur.
1013 1353 1126 1431 fateri,

201 1471 321 1552 quique
349 1470 475 1535 aderant
499 1468 672 1534 faterentur
699 1481 815 1549 sponte
840 1485 920 1545 sua,
941 1484 1014 1531 esse
1042 1467 1127 1530 illam

199 1606 305 1668 reapse
319 1586 452 1668 speciem
474 1585 619 1662 inanem,
641 1582 813 1649 doctrinam
838 1581 962 1662 inesse,
979 1584 1002 1648 i.
1025 1600 1054 1648 c.
1079 1601 1127 1649 re·

198 1722 267 1768 rum
297 1700 479 1779 scientiam,
500 1701 628 1764 nullam.
674 1700 735 1764 Sed
763 1699 852 1764 iidem
879 1698 930 1764 his
957 1699 1046 1763 vanis
1070 1697 1129 1765 fal·
1182 1736 1186 1744 ·

188 1817 309 1898 eisque
335 1815 537 1897 opinionibus
565 1815 704 1893 liberati,
727 1815 844 1896 quibus
870 1833 962 1880 verae
983 1815 1129 1880 exclude-

199 1933 337 2014 bantur,
360 1932 569 2016 suscipiebant
588 1933 648 2016 jam
671 1946 785 2012 sponte
803 1950 859 1996 sua
882 1931 1040 1996 doctrinas
1062 1951 1129 1996 our·
1213 1942 1216 1950 ’

198 2068 281 2130 nes,
300 2068 380 2131 quae
399 2050 437 2114 ad
461 2064 561 2114 rerurn
586 2049 746 2113 scientiam
768 2049 928 2114 ducerent.
973 2045 1054 2113 Nan'r
1081 2048 1130 2112 in-

198 2179 247 2230 est
273 2171 381 2232 natura
410 2165 529 2230 homini
562 2185 648 2230 amor
676 2165 754 2231 veri.
807 2165 904 2250 Quod
934 2163 1013 2230 vidit
1039 2182 1129 2230 acute

198 2284 311 2363 Plato,
346 2297 399 2364 et,
432 2302 492 2347 nos
518 2295 553 2347 ut
587 2280 787 2361 videremus,
827 2282 947 2344 summi
974 2280 1128 2346 evidentia

198 2399 361 2482 explicuit.
405 2403 607 2482 Νομίζοντες,
639 2398 703 2476 ait,
733 2403 758 2466 οί
786 2400 970 2480 καθαίροντες
996 2403 1127 2477 αὐτοὺς,

198 2518 294 2600 ὥσπερ
313 2522 338 2585 σί
360 2519 424 2599 περὶ
448 2518 634 2596 τὰσώματα
663 2516 754 2596 ίατροί
776 2516 958 2595 νενομίκασι,
988 2518 1031 2593 μή
1060 2517 1129 2597 πρθ·

199 2658 280 2714 τερον
306 2630 347 2700 ’θον
372 2641 426 2706 τῆς
448 2635 685 2713 προσφερομένης
721 2638 832 2714 τροφῆς
859 2633 1023 2700 ἀπολαύειν
1043 2633 1130 2698 δθνοι·

200 2752 266 2815 σθαι
286 2755 393 2826 σῶμα,
416 2749 482 2828 πρὶν
501 2749 538 2814 ἂν
557 2750 600 2813 τί
621 2749 817 2830 ἐμποδίζοντα
840 2751 870 2814 ἐν
892 2751 986 2830 ἑαυτῷ
1013 2749 1058 2820 τίς
1079 2751 1129 2813 ἐκ·

98 2874 107 2893 ’
200 2865 309 2946 βοίλή,
331 2865 439 2928 ταυτὸν
467 2863 517 2928 καί
541 2863 606 2943 περί
625 2871 729 2945 ψυχῆς
750 2868 930 2942 διενοήθησαν
949 2868 1061 2931 ἐκείνοι·
1083 2869 1128 2946 μή

201 2981 337 3060 πρθτερον
366 2980 459 3053 αὐτήν
485 2975 560 3056 ἕξειν
586 2985 642 3045 τῶν
668 2982 908 3061 προσφερομένων
943 2982 1129 3060 μαθήμοίσοιν

201 3096 313 3168 ἷνησιν,
336 3094 401 3174 πρίν
423 3095 460 3160 ἂν
481 3089 618 3176 ἐλίνρήοιν
646 3098 692 3169 τίς
719 3100 768 3163 τὸν
795 3098 996 3178 ἐλεγχθμενον
1023 3101 1064 3171 είς
1081 3102 1129 3164 αί·

203 3211 316 3291 σχθννν
337 3213 532 3287 καταοήσας,
554 3214 611 3284 σας
633 3222 693 3284 τοῖς
712 3213 884 3291 μαθήμασιν
910 3215 1063 3293 ἐμποδίους
1082 3217 1129 3282 δθ·
1166 3282 1168 3286 ,

201 3327 257 3406 ξας
274 3327 402 3404 ἐξελὼν,
425 3329 547 3409 καθαρὸν
566 3332 723 3411 ἀποφήνῃ,
745 3329 796 3395 καί
817 3334 918 3396 ταῦτα
943 3332 1129 3410 ήνοθμενον,

136 3518 139 3524 ,
201 3440 278 3522 θίπερ
299 3438 396 3516 οἶδεν,
418 3444 522 3511 εἰδέναι
544 3445 644 3523 μθνοι,
667 3448 760 3512 πλείω
781 3447 810 3512 δὲ
828 3447 884 3524 μή.
930 3443 1131 3511 Existiman-

201 3570 246 3618 ιιι
268 3559 371 3634 caim,
403 3560 458 3639 qai
478 3560 529 3622 θοι
550 3577 692 3642 purgare
710 3563 876 3640 nitamur,
899 3574 936 3625 ut
962 3559 1001 3624 de
1024 3579 1132 3647 corpo·

204 3668 291 3734 σι’θιιι
320 3672 503 3736 existimant
527 3671 655 3752 medici,
693 3695 752 3738 ιιοιι
776 3692 860 3760 posse
892 3692 1002 3762 corpas
1030 3677 1129 3742 allato

201 3783 268 3850 σι’θο
286 3788 430 3862 nutriri,
450 3803 642 3873 anteaquam
661 3787 878 3874 impedimenta
897 3794 966 3875 qais
985 3790 1129 3872 eJ'ecerit,
1234 3775 1240 3786 ’

203 3895 311 3964 addam
328 3894 465 3964 ‘rationo
499 3918 528 3965 ον
557 3904 608 3966 ilai
634 3901 672 3966 dc
698 3906 801 3968 animo
821 3904 1042 3986 judicarant,
1071 3929 1132 3972 nan

196 4016 291 4106 prius
313 4013 394 4080 θινιιο
422 4034 461 4079 ax
489 4015 598 4082 allatis
625 4015 795 4102 disciplinis
810 4019 955 4100 fractam
978 4042 1038 4088 οιισ
1056 4042 1131 4109 cap·

612 4144 617 4155 ’
1082 4150 1133 4201 iu·
