2992 5220
654 469 826 528 ..41-

276 631 339 696 vita
371 631 502 698 humanu
523 630 584 696 ⁰³?
607 664 654 680 -
683 628 761 696 Non
781 647 874 696 sane.
889 663 935 680 -
955 627 1042 712 Ergo
1071 647 1200 700 mortem

276 748 303 813 is
328 765 393 814 non
420 767 484 813 rern
505 747 673 812 terribilem
698 724 900 812 existimabit.
922 780 969 797 -
989 744 1134 813 Minime.
1156 788 1200 804 ..

272 864 408 949 Ignavae
431 862 551 928 scilicet
579 876 611 927 et
638 861 780 927 illiberali
799 878 926 952 naturae
957 860 1037 928 nihil
1055 880 1125 928 esse
1143 883 1201 946 po-

274 996 337 1046 test
365 1000 435 1045 cum
456 997 528 1046 vera
551 977 755 1063 philosophia
773 997 948 1045 commune.
970 1018 1014 1034 -
1035 979 1137 1045 Nihil.
1158 1014 1204 1032 -

275 1095 363 1182 Quid
384 1096 489 1185 vero?
524 1094 585 1160 Vir
605 1109 806 1176 temperans,
845 1114 909 1161 non
943 1095 1086 1178 quaestui
1119 1095 1204 1161 dedi·

210 1190 222 1241 1
276 1225 351 1293 tus,
373 1231 438 1278 non
464 1211 645 1293 illiberalis,
666 1223 731 1276 non
753 1211 933 1296 superbus,
956 1231 1021 1278 non
1050 1213 1203 1295 timidus,

274 1348 350 1396 num
378 1328 410 1394 in
436 1329 629 1397 commerciis
662 1327 796 1394 difficilis
827 1327 886 1394 erit
904 1341 957 1393 aut
978 1323 1140 1413 injustus?
1159 1368 1203 1383 -

272 1445 375 1514 Nullo
404 1447 510 1512 modo.
542 1480 589 1498 --
617 1444 706 1531 Quin
735 1445 825 1511 etiam
851 1464 923 1510 cunr
946 1443 1120 1513 discernere
1148 1465 1203 1513 cu·

274 1562 362 1646 pies,
399 1580 480 1645 quae
511 1562 631 1628 indoles
663 1560 854 1645 philosopha
888 1559 932 1625 sit
960 1574 1013 1629 aut
1043 1581 1108 1629 non
1137 1564 1204 1646 sit,

275 1679 380 1746 statim
403 1697 421 1743 a
453 1678 566 1744 teneris
593 1679 683 1743 annis
715 1676 917 1761 explorabis,
943 1697 1019 1746 num
1049 1681 1133 1764 justa
1161 1681 1236 1747 sit·

274 1810 308 1862 et
334 1795 475 1879 placida,
497 1813 536 1862 an
569 1794 675 1878 iniqua
701 1810 733 1862 et
752 1796 895 1880 agrestis.
918 1829 964 1850 ·-
985 1796 1136 1864 Omnino.
1157 1834 1206 1853 -

196 1888 199 1893 ’
276 1911 393 1994 Neque
416 1912 498 1991 hoc,
520 1927 556 1977 ut
578 1911 712 1977 arbitror
721 1916 737 1991 ,'
756 1912 995 1995 praetermittes.
1028 1946 1074 1967 ·-
1105 1915 1207 1999 Quid-

275 2026 444 2092 nami-
464 2027 579 2091 Utrum
599 2025 690 2090 facile
714 2026 787 2106 quis
814 2025 935 2102 discat,
956 2044 995 2088 an
1021 2027 1202 2096 difficulter:

275 2161 351 2209 num
386 2159 518 2221 censes,
561 2139 737 2222 quempiam
766 2139 846 2204 illud
885 2157 1019 2220 unquam
1054 2140 1206 2228 diligere,

276 2261 448 2344 quodcum
470 2256 670 2341 aggreditur,
688 2260 809 2321 summi
831 2274 903 2320 cum
920 2254 1102 2324 difficultate
1120 2259 1206 2344 agit,

275 2392 308 2444 et
334 2375 389 2445 vix
412 2375 534 2441 tandem
565 2392 673 2456 parurn
702 2371 778 2454 quid
797 2372 947 2456 proficit?
960 2394 1012 2424 ·-
1032 2374 1205 2457 Nunquam

276 2493 434 2580 profecto.
465 2527 511 2544 -
540 2489 653 2577 Quid?
682 2489 711 2554 si
731 2487 808 2555 nihil
839 2504 945 2555 servet
964 2507 1094 2572 eorum,
1126 2511 1207 2574 quae

276 2610 393 2690 discit,
425 2606 596 2674 oblivionis
621 2605 741 2688 quippe
771 2607 908 2689 plenus,
941 2605 1049 2673 herine
1070 2623 1203 2692 potest,

274 2744 312 2794 ut
340 2744 405 2793 non
433 2727 476 2791 sit
506 2721 635 2789 scientii
660 2722 809 2788 vacuus?
839 2758 883 2774 -
913 2723 988 2808 Quo
1023 2726 1146 2792 tandem
1172 2728 1205 2796 id

184 2894 187 2898 -
274 2842 399 2911 modo?
420 2878 464 2899 ι-
485 2842 568 2908 Cum
587 2857 677 2906 vero
697 2838 804 2905 irritus
832 2838 939 2903 illisit
965 2839 1054 2906 labor
1078 2843 1206 2925 omnis,

274 2978 381 3027 nonne
401 2972 532 3044 cogetur
559 2958 681 3022 tandem
711 2954 914 3039 semetipsum
942 2970 975 3021 et
1005 2959 1079 3022 baec
1102 2961 1206 3027 studia

277 3074 408 3141 odissei
430 3109 476 3126 -
495 3074 638 3159 Quidni?
659 3107 705 3128 -
725 3062 921 3138 Obliviosam
951 3069 1047 3155 igitur
1067 3088 1203 3140 mentem

276 3190 310 3255 in
337 3206 413 3254 vere
442 3190 642 3273 philosophis
673 3208 870 3272 nequaquam
907 3205 1110 3270 censeamus,
1143 3210 1208 3259 me·

276 3323 395 3374 morem
435 3321 506 3370 esse
544 3320 682 3386 oportet.
715 3341 762 3361 -·
791 3305 942 3389 Oportet.
974 3340 1020 3358 -
1055 3307 1206 3376 Animum

275 3443 352 3494 vero
389 3442 408 3488 a
447 3419 545 3506 gratih
580 3433 613 3484 et
643 3421 757 3485 decoro
802 3424 935 3488 alienum
972 3424 1075 3490 alione
1112 3441 1206 3508 putas

157 3515 160 3519 ’
248 3541 423 3621 tendere,
467 3538 559 3620 quim
588 3535 628 3600 ad
666 3537 838 3618 eaerulus?
869 3573 913 3589 -
942 3538 1019 3602 Non
1046 3558 1131 3608 sane.
1161 3580 1208 3599 ..-

275 3655 448 3728 Veritatem
486 3669 589 3721 autem
625 3655 756 3738 ἀμετρίᾳ
790 3665 953 3734 cognatam
993 3672 1127 3741 censes,
1168 3681 1208 3728 an

1157 3783 1212 3863 ἒμ·

297 3932 360 4002 (ι)
378 3929 411 3982 lu
427 3927 565 3980 hisatium
582 3927 714 3996 vulgatam
739 3935 845 3982 secutus
863 3947 921 3982 sum
939 3947 1049 4007 ermque
1066 3940 1139 3991 recle
1156 3952 1207 3990 ex.

277 4032 396 4109 primere
413 4027 542 4092 vertendo
559 4033 669 4084 contina
686 4046 753 4086 aum.
773 4029 817 4085 Cf.
836 4031 896 4086 Aah
914 4031 934 4086 l.
950 4031 972 4088 1.
