2992 5220
658 479 856 547 -.„..

279 639 312 704 in
345 638 448 704 studia
477 636 741 723 philosophorum
765 640 892 729 scripte
924 642 1063 711 Pletonls
1093 643 1209 712 hrbuo·

280 770 365 824 runt.
409 756 492 822 Nam
517 769 549 822 et
579 756 634 822 hac
657 757 691 825 in
713 776 747 824 re
778 758 887 827 similis
913 773 961 826 est
992 758 1147 826 Herodoti
1175 775 1208 828 et

278 873 418 941 Platonis
439 873 531 938 ratio.
575 875 622 940 Ut
644 872 697 939 ille
723 873 762 939 ab
788 874 879 942 initio
899 876 1005 959 operis
1030 874 1219 953 universam

279 989 373 1059 nobis
402 988 504 1072 sperit
534 989 698 1059 historiam
724 990 890 1076 gendum
912 993 955 1059 ira
977 994 1067 1061 Plato
1090 992 1126 1058 in
1145 990 1212 1059 sin·

280 1105 385 1191 gulis,
418 1124 501 1191 quos
528 1105 680 1189 scripsit,
712 1107 863 1193 dialogis,
898 1108 967 1178 sive
985 1109 1026 1177 de
1045 1108 1157 1193 pulcro
1177 1116 1212 1176 et

278 1239 386 1291 amore
412 1223 497 1309 agit,
517 1222 590 1290 sive
615 1224 656 1291 de
680 1223 822 1292 veritrtis
843 1228 1055 1309 assequendae
1083 1224 1213 1294 neoni·

278 1338 364 1423 bus,
385 1339 455 1408 sive
471 1342 512 1409 de
527 1340 659 1426 justitie·
673 1355 708 1408 et
723 1341 921 1425 virtutibus,
939 1343 976 1409 in
994 1343 1123 1411 mediam
1145 1345 1213 1410 loe·

275 1468 362 1524 toras
388 1457 624 1540 philosophiam
653 1456 797 1538 inducit,
838 1473 876 1524 ut
901 1460 964 1544 ipsi
987 1479 1047 1545 per
1065 1477 1125 1542 se,
1154 1459 1211 1526 illo

277 1573 382 1653 duce,
403 1572 481 1653 quid
504 1591 614 1642 verum
644 1573 711 1652 sit,
731 1574 910 1653 exquirant.
961 1577 1053 1663 Quae
1070 1576 1150 1645 titio
1171 1576 1212 1646 td

278 1687 462 1773 capiendum
486 1690 635 1755 lectorem
659 1702 692 1754 et
714 1688 881 1755 tenendum
910 1705 942 1758 et
969 1713 1068 1773 vero,
1088 1693 1117 1760 si
1137 1694 1211 1777 phia

278 1807 436 1896 iosophus
465 1820 514 1873 est
543 1808 677 1887 natura,
717 1805 937 1889 philosophiae
965 1806 1076 1873 studio
1102 1809 1210 1875 incon-

203 1960 207 1977 ι
277 1923 439 2007 modum,
458 1923 679 1992 nnaomnium
706 1922 839 1990 mune
865 1937 936 2005 apta
956 1937 1007 1990 est
1030 1939 1064 1990 et
1089 1924 1209 1993 effimx.

279 2040 359 2113 inde
383 2055 488 2111 autent
515 2054 624 2125 patet,
646 2058 738 2122 quam
765 2039 872 2124 inepte
899 2039 1035 2120 faciant,
1057 2042 1113 2124 qui
1133 2059 1210 2124 syn·

278 2158 400 2229 tlretiei
421 2158 543 2227 ratione
562 2157 734 2225 doctrinam
757 2155 920 2237 Platonis,
941 2171 1091 2238 tanquam·
1108 2171 1212 2243 syrte

277 2295 329 2345 ma
353 2277 532 2362 quoddam,
564 2276 686 2342 tradere
705 2275 863 2342 nituntur.
927 2273 1057 2340 Rationi
1079 2289 1113 2341 et
1136 2294 1210 2359 pro·

195 2455 200 2463 .
277 2396 411 2496 posito,
432 2397 498 2463 imo
518 2409 645 2463 suturae
674 2406 849 2477 repugnant
869 2391 1090 2475 philosophice
1105 2392 1210 2459 Plato·
1262 2389 1264 2393 ’

197 2537 201 2544 ·
276 2514 378 2583 uicem
420 2514 496 2600 Quo
514 2512 612 2597 magis
631 2528 716 2591 nos,
739 2511 794 2576 hac
824 2509 1007 2592 praesertim
1030 2509 1064 2575 in
1089 2527 1124 2575 re
1142 2511 1210 2576 Pla

214 2612 216 2617 ¹
276 2644 386 2701 torem
408 2629 543 2713 imitati,
565 2650 583 2697 a
606 2628 764 2713 principio
785 2628 860 2696 inde
874 2626 1056 2709 aperuimus
1072 2644 1140 2693 eam
1159 2640 1210 2692 to·

277 2757 344 2816 tarn
371 2748 565 2830 lectoribus,
603 2760 663 2828 ut,
695 2746 797 2828 qualis
824 2759 909 2812 esset
935 2761 1067 2828 quoque
1088 2758 1211 2827 specto»

274 2879 347 2949 ret,
385 2876 626 2948 assequerentur
651 2862 825 2942 contnuo,
868 2875 937 2929 ttrnr
966 2879 1043 2927 vero
1071 2859 1212 2943 legendis

275 2981 348 3065 ejus
366 2980 515 3061 seriptis,
538 2979 611 3060 ipso
630 2993 775 3058 auctore,
798 2976 921 3060 singule
950 2973 983 3039 in
1007 2976 1047 3041 ed
1070 2972 1211 3059 singulo·

275 3102 334 3171 tim
358 3101 421 3186 ipsi
449 3101 727 3169 animadverterent
752 3115 783 3168 et
802 3113 1075 3185 persequerentur.
1120 3099 1211 3166 Lora·

278 3219 349 3307 qlor
373 3219 449 3285 haee
476 3216 527 3284 vis
558 3230 631 3297 est,
664 3235 757 3298 quam
788 3217 964 3302 synthetica
992 3216 1095 3298 ratio,
1128 3232 1209 3300 quse

274 3334 505 3421 compendiaria
528 3347 635 3419 potest
659 3332 743 3415 diei3
766 3335 823 3398 sed
845 3335 901 3400 luc
923 3335 1058 3401 tenendi
1077 3334 1157 3400 illud
1176 3350 1209 3403 et

276 3452 429 3522 hactenus
448 3451 660 3537 spectavimus
686 3464 719 3518 et
745 3450 956 3534 spectabimus
977 3451 1149 3537 deinceps,
1170 3467 1208 3518 ιι

276 3571 414 3640 studiosi
439 3569 580 3638 Platonis
605 3588 673 3638 non
696 3567 817 3636 elibro
846 3578 983 3650 nostro,
1013 3581 1159 3652 tanquam
1189 3584 1209 3637 e

272 3689 486 3774 compendio,
508 3706 619 3772 sapere
636 3686 699 3754 sibi
712 3686 913 3767 viderentur,
935 3685 1013 3767 sod,
1035 3686 1207 3770 praeparati

272 3802 501 3873 sistaricen
521 3803 756 3889 qussilnltiasl
782 3803 1038 3886 quodammodo,
1065 3822 1104 3872 er
1126 3804 1206 3890 ipsis
1264 3792 1269 3807 '

276 3918 425 4012 deinceps
445 3939 554 4013 reapse
572 3935 718 4008 saperent
738 3920 864 4005 seriptis
883 3921 1052 3990 Platonis..

1148 4151 1208 4220 Do
