2992 5220
551 455 732 528 nur-35·-

175 631 245 712 ipsa
273 626 411 694 Platonis
436 637 540 692 mente
571 638 603 689 et
633 622 835 706 philosophia
864 624 1017 692 declarare
1053 625 1102 693 ni·
1143 621 1144 624 ’

55 749 60 761 “
171 758 287 811 tamur.
396 758 399 764 “

311 973 478 1039 Pulcra
510 976 557 1035 in
587 974 731 1037 animo
764 973 976 1037 excitant

493 1070 679 1153 amoram
708 1090 814 1152 ucri.

215 1338 358 1429 Sensus,
388 1349 496 1433 prouti
523 1350 617 1416 modo
649 1347 808 1427 vidimus,
848 1346 921 1412 licet
948 1363 1013 1412 non
1046 1363 1101 1415 ve·

170 1485 264 1548 rum,
306 1465 376 1532 sive
411 1464 444 1529 id
485 1466 571 1548 quod
603 1481 668 1547 ert,
707 1462 965 1547 conspiciendum
1004 1463 1099 1530 nobis

121 1637 124 1642 .
169 1583 358 1667 praebeant,
393 1596 496 1649 tamen
517 1581 679 1665 efficiunt,
712 1598 747 1648 ut
770 1580 978 1664 percipiendis
1001 1581 1097 1648 rebus

168 1701 312 1784 pulcris,
334 1698 449 1781 bonis,
480 1697 520 1766 iis
552 1699 681 1765 omnino
713 1714 793 1782 quae
822 1714 893 1762 esse
922 1694 1098 1779 uidentur,

168 1812 357 1881 instauretur
374 1813 407 1879 in
437 1813 546 1879 animis
574 1813 692 1879 nostris
711 1811 813 1896 ipsius
844 1812 970 1897 pulcri,
991 1811 1092 1894 boni,

167 1947 276 1996 eorum
303 1948 384 2012 quae
416 1944 513 2010 suot,
546 1948 690 2019 quaeque
719 1929 783 1996 illic
811 1928 930 1996 fuimus
954 1943 1098 1997 contern-

167 2046 270 2129 plati‚
303 2047 461 2112 memoria.
513 2046 549 2112 ld
585 2061 689 2113 aurern
723 2047 831 2112 nullus
862 2046 953 2113 efficit
982 2063 1095 2112 sensus
1201 2101 1204 2105 ‚

165 2160 317 2228 efficacius
351 2161 565 2246 pleniusque,
607 2181 699 2245 quarn
738 2161 828 2229 visus
866 2174 988 2228 noster.
1033 2160 1096 2229 Est

142 2278 246 2346 'enim
271 2279 322 2345 hic
352 2280 391 2345 ad
413 2280 530 2368 pulcra
550 2298 745 2346 conversus:
778 2279 897 2362 pulcris
920 2294 1023 2347 autern
1045 2279 1095 2346 ni·

163 2395 209 2460 hil
231 2408 303 2475 est,
331 2395 417 2474 quod
441 2408 545 2478 tangat
571 2409 705 2460 mentem
729 2395 830 2460 acrius
858 2395 1093 2491 vehementius·

163 2529 226 2592 que
255 2523 392 2577 moveat.
436 2510 517 2574 Nam
540 2509 656 2574 habent
677 2521 813 2575 caeterae
834 2508 921 2574 ideae
945 2508 977 2573 in
997 2507 1092 2576 rebus

161 2625 250 2691 hisce
283 2626 401 2691 nostris
430 2626 592 2692 simulacra
629 2625 802 2710 quaedam,
837 2639 874 2690 ut
906 2625 1025 2692 bonum
1057 2625 1090 2692 in

162 2741 279 2821 bonis,
298 2743 418 2826 justum
450 2743 481 2806 in
504 2735 624 2825 justis,
661 2757 802 2808 sanctum
832 2739 866 2807 in
892 2741 1010 2809 sanctis
1028 2757 1091 2811 tam

160 2859 317 2943 negotiis,
340 2878 431 2939 quarn
455 2859 635 2925 hominibus
661 2879 695 2925 ac
720 2857 936 2941 facinoribus3
972 2859 1027 2925 sed
1046 2859 1090 2927 si·

159 2977 291 3042 mulacra
317 2990 379 3040 tarn
406 2977 510 3056 clara,
533 2991 594 3041 tam
624 2976 780 3057 illustria,
804 2996 896 3060 quarn
917 2977 1084 3058 pulcrum,

49 3093 56 3105 '
158 3111 223 3159 non
256 3090 384 3160 habent.
427 3094 471 3158 Et
500 3113 575 3159 vero
607 3094 693 3161 ideae
726 3095 819 3176 illac,
852 3097 965 3178 quales
999 3094 1089 3176 sint,

158 3212 324 3295 cogitando
358 3212 557 3294 assequimur
587 3230 694 3296 aegre:
738 3231 809 3277 nam
846 3212 991 3277 sensibus
1021 3229 1088 3278 non

158 3339 265 3407 patent
285 3326 390 3404 bona,
418 3329 525 3410 justo,
548 3342 670 3391 sancta:
694 3344 751 3391 nec
770 3327 913 3391 videmus
933 3326 1008 3406 illa,
1032 3343 1091 3392 nec

155 3443 297 3506 audimus
327 3443 434 3506 ullove
464 3459 559 3506 sensu
592 3442 807 3524 percipimus3
833 3443 981 3527 pulcrum
1015 3459 1092 3521 qua·

159 3557 280 3639 lesit,
310 3558 382 3641 ipso
408 3558 478 3629 visu
507 3557 632 3638 assequi
661 3558 755 3623 licet:
790 3557 890 3622 oculis
922 3557 1004 3623 enim
1036 3576 1091 3640 pa·

158 3689 225 3742 tent
254 3677 388 3759 pulcra,
421 3690 533 3758 estque
556 3676 607 3741 hic
635 3694 747 3742 sensus
775 3678 913 3742 omnium
941 3693 1091 3743 sensuum

158 3791 253 3878 longe
280 3791 495 3858 acutissimus.
538 3794 648 3859 Pulcra
671 3791 784 3857 iccirco
809 3792 840 3857 in
857 3793 913 3857 hac
936 3793 1092 3858 conditio·

157 3923 198 3973 ne
229 3924 338 3976 nostra
359 3886 423 3978 uim
444 3910 558 3978 habent
578 3909 765 3994 praecipue,
790 3924 824 3974 ut
850 3887 1022 3994 superioris
1041 3927 1091 3977 re-

158 4017 355 4096 miniscemur
389 4026 494 4110 vitae,
531 4045 675 4113 quaeque
706 4025 768 4096 illic
790 4026 950 4110 vidimus,
983 4038 1088 4095 mente

604 4143 676 4212 Ca
938 4163 948 4180 ‘
1026 4146 1086 4207 no·
