2992 5220
661 479 705 509 u
727 449 854 523 att-¹·

504 666 712 753 Congrua
743 646 847 735 tuni
869 664 1010 757 ‘piane

283 817 291 831 ·
365 777 636 885 diatonicas
662 782 938 850 dialecticae
968 784 1145 872 scripio

647 901 876 968 Platonis.

328 1093 411 1169 Sunt
430 1101 548 1170 scilicet
565 1098 684 1188 dialogi
702 1099 818 1186 scripta
836 1097 910 1167 iiiut
933 1091 1076 1186 ditiogus
1093 1114 1220 1188 tuton,

283 1220 342 1302 qui
360 1233 392 1285 et
411 1237 485 1287 vere
503 1219 564 1285 hoc
585 1218 712 1286 nomine
731 1210 865 1286 vamur
891 1230 924 1284 et
949 1218 1114 1303 duqmter
1139 1219 1183 1286 its
1199 1239 1223 1288 a

282 1335 405 1420 vulgati
427 1336 590 1417 colloquio
609 1333 834 1420 distinguitur,
856 1334 934 1418 quid
958 1335 1043 1403 uliud
1058 1350 1108 1404 eat
1127 1355 1220 1418 quam

230 1534 232 1538 v
273 1439 411 1518 'dtamui
452 1453 564 1534 Itaque
598 1452 668 1518 sive
702 1452 906 1535 symposium
937 1451 1007 1520 sive
1042 1452 1218 1520 Phaednm

283 1569 353 1635 eive
379 1567 524 1635 Politinm
554 1567 623 1633 sive
657 1585 877 1650 quemcunque
917 1571 1040 1637 tandem
1079 1568 1219 1639 Platonis

285 1685 442 1769 dialogum
465 1683 628 1768 legamus,
668 1682 700 1748 in
718 1683 835 1751 medias
852 1701 912 1751 nos
939 1702 990 1753 rea
1021 1685 1142 1753 inducit
1166 1686 1221 1752 ille

284 1798 459 1866 continuo:
502 1815 562 1865 nos
588 1813 692 1866 autem
713 1799 792 1881 quid
827 1812 960 1885 agatur,
995 1800 1121 1884 quinam
1153 1802 1221 1870 sint

285 1915 341 2001 qui
366 1931 399 1983 et
423 1915 649 2001 colloquuntur
673 1929 705 1983 et
725 1931 848 2000 agunt,
875 1936 941 1998 quo
960 1917 1134 2000 pertineant
1153 1918 1238 1985 me·¹

284 2034 368 2100 xime
388 2051 548 2101 sermones
573 2032 642 2114 iili,
664 2032 833 2100 identidem
857 2032 939 2101 inter
965 2030 1130 2118 legendum
1157 2032 1223 2103 dis·

285 2150 441 2219 cernendo
467 2149 661 2233 exquirimus
681 2165 714 2217 et
733 2150 892 2218 nobismet
915 2151 993 2236 ipsis
1012 2152 1215 2236 explicamus.

286 2269 348 2336 Sed
377 2286 443 2333 non
470 2267 601 2334 formum
631 2282 811 2352 spectamus
843 2283 985 2338 tantuma
1030 2284 1218 2353 quamquam

285 2383 360 2452 haec
392 2386 431 2450 ad
461 2400 565 2451 rerum
595 2384 670 2452 item
701 2378 954 2468 disquisitionem
981 2387 1044 2455 vim
1075 2400 1216 2473 maguam

285 2502 401 2569 habete
425 2503 544 2569 dehac
570 2503 640 2586 ipsi
663 2520 772 2570 rerum
796 2503 1011 2590 disquisitione
1039 2504 1217 2588 quaerimus
1252 2590 1257 2604 Ι

285 2618 508 2704 potissimum,
531 2634 611 2701 quae
631 2638 763 2701 prorsus
783 2621 867 2704 apud
886 2622 1045 2688 Platonem
1065 2621 1219 2707 analytiuu

283 2750 347 2804 est.
412 2735 566 2819 Exempla
601 2737 694 2803 nobis
725 2736 759 2802 in
787 2739 858 2823 ejus
892 2738 1019 2822 scriptis
1052 2739 1121 2805 loca
1145 2751 1219 2807 cum

283 2853 342 2920 ulia
366 2866 464 2934 suut,
487 2868 522 2919 ut
543 2853 583 2918 de
598 2854 686 2938 justo
710 2852 744 2918 in
762 2853 895 2935 Potitii,
917 2854 955 2920 de
980 2855 1073 2921 animi
1092 2854 1221 2922 immot-

284 2969 402 3035 taiitate
435 2969 469 3034 in
492 2969 678 3050 Phaedone,
706 2983 772 3033 tutn
795 2984 873 3035 vero
890 2964 1078 3052 perillustris
1102 2964 1155 3036 iiie
1177 2967 1218 3035 de
1340 2964 1346 2977 ‘

284 3103 410 3164 amoro,
444 3101 538 3166 quem
567 3084 672 3150 iocum
700 3076 913 3168 philosophus
925 3130 938 3167 ,
969 3100 1005 3152 ut
1030 3084 1157 3171 juvenis
1183 3085 1217 3153 in

283 3198 451 3281 Phaedro,
493 3198 535 3264 ita
562 3199 762 3282 provectiore
790 3202 902 3269 deinde
930 3213 1031 3269 aetate
1060 3200 1094 3267 in
1125 3201 1219 3285 Sym-

285 3317 380 3404 posio
409 3315 552 3382 tractauit
581 3335 616 3381 uc
647 3317 863 3400 perpurgant.
922 3318 983 3383 Sed
1012 3318 1045 3389 iu
1075 3318 1216 3385 Phaedro

273 3436 325 3505 ‚de
355 3435 416 3503 hoc
440 3446 623 3518 argumento
651 3429 829 3515 quaesivit,
851 3434 958 3515 prouti
977 3453 1038 3499 suu
1062 3433 1134 3499 loco
1150 3432 1218 3499 ani·

285 3551 530 3633 maduertimus,
575 3549 833 3633 quemadmodum
872 3550 1024 3634 analytice
1058 3551 1150 3619 simul
1183 3560 1218 3619 et

274 3667 462 3755 -tynthetice
494 3680 729 3751 exponeretura
771 3667 813 3741 in¹
833 3665 1003 3751 Symposio
1038 3682 1114 3735 vero
1149 3679 1216 3739 totu

283 3782 444 3869 expositio
468 3783 621 3871 auaiyu‘ci
650 3782 793 3868 prouedit
819 3781 958 3864 ratione,
1002 3781 1106 3866 ipsum
1138 3784 1216 3847 atdeo

284 3896 544 3990 symposiumet'
569 3898 674 3970 foeni
699 3914 732 3967 et
752 3899 920 3983 quaerendi
946 3899 1041 3967 modo
1066 3896 1147 3965 haue
1169 3912 1218 3965 rt·

285 4020 406 4091 tionem
440 4017 536 4089 rdett
563 4032 663 4104 atque
695 4017 861 4103 exprimo
902 4017 1093 4123 wuneuto
1123 4010 1219 4083 nobis

717 4131 791 4204 Oa
1137 4122 1219 4203 ilem
