2992 5220
620 473 666 490 .-
681 458 748 527 '124
769 471 814 490 ..-

252 623 390 691 fructum
424 638 495 688 esse
530 633 715 704 capturum,
759 637 850 700 quam
889 619 1073 701 redarguens
1108 617 1180 699 quis

251 760 346 821 eum,
369 738 425 820 qui
446 737 660 822 redarguitur,
682 750 851 820 postquam
877 735 916 798 ad
942 737 1093 816 pudorem
1110 737 1181 800 ade·

204 906 208 918 .
254 857 327 941 git,
349 855 481 923 sublatis
503 851 705 937 opinionibus
728 852 841 930 vanis,
871 850 1101 941 disciplinarum
1123 851 1183 916 im·

254 970 465 1056 pedimentis,
485 989 600 1054 purum
628 967 790 1046 effecerit,
811 967 886 1031 haec
906 984 942 1031 se
969 965 1050 1031 scire
1071 980 1184 1048 putan-

255 1101 319 1156 tem
342 1091 433 1169 sola,
465 1105 547 1169 quae
576 1086 690 1167 nouit,
730 1087 820 1167 plura
858 1101 934 1150 vero
966 1102 1001 1150 se
1029 1102 1094 1149 non
1125 1083 1184 1153 sci·

255 1221 302 1271 ge·
325 1199 358 1245 (ι)

339 1437 402 1506 Dr
436 1438 680 1514 analytica
711 1433 830 1518 apud
858 1434 1093 1500 Platonem

419 1626 421 1631 Ι
469 1547 732 1629 definiendi
772 1553 967 1615 ratione.

299 1758 389 1865 Sed,
411 1795 448 1848 ut
477 1780 650 1849 Socraticae
674 1787 839 1864 &eamne
867 1783 932 1848 vim
959 1801 1104 1866 omnem,
1126 1804 1188 1853 una

258 1916 331 1965 cum
364 1897 504 1982 ejusdem
535 1899 632 1983 gratia
659 1914 691 1964 et
715 1897 886 1966 festivitate
914 1901 989 1966 haec
1020 1901 1189 1969 methodus

255 2014 400 2095 Platonis
423 2017 586 2096 continet,
612 2016 656 2084 ita
684 2016 851 2113 definiendi
873 2017 1026 2084 rationem
1053 2018 1192 2092 Socrati.-

258 2151 353 2214 σιω,
384 2152 476 2214 quam
503 2151 600 2216 supra
622 2132 809 2216 attigimus,
837 2149 868 2200 et
889 2135 1028 2200 continet
1054 2134 1131 2202 item
1157 2149 1191 2202 et

257 2248 391 2320 mirifice
420 2251 563 2316 illustrat.
598 2249 750 2332 Spectat
781 2268 820 2316 eo
852 2251 926 2315 haec
954 2251 1056 2330 ratio,
1090 2266 1129 2317 ut
1157 2253 1215 2319 iu'

259 2367 465 2451 disquirendo
496 2384 562 2432 non
587 2370 707 2430 tantum
738 2366 777 2430 de
807 2367 934 2430 nomine
966 2385 1092 2447 rerum,
1136 2369 1191 2434 sei

257 2485 352 2557 etism
373 2486 412 2552 de
428 2502 531 2550 earum
551 2482 661 2546 nature
681 2496 712 2545 et
733 2480 912 2547 conditione
931 2484 1015 2566 apud
1034 2502 1095 2551 nos
1116 2505 1193 2559 uon,-

258 2615 339 2682 atet.
390 2599 486 2668 Nunc
514 2597 640 2679 quidem
661 2599 703 2665 de
726 2600 892 2682 sophista,
932 2601 1014 2667 dixit
1043 2602 1193 2684 Eleates,

260 2732 370 2781 maren
398 2726 430 2779 et
450 2727 488 2778 tu
507 2727 538 2778 et
565 2733 625 2797 ego
655 2734 822 2781 commune
851 2719 1021 2798 habemus,
1057 2736 1193 2800 praestat

262 2840 367 2903 autem
388 2828 420 2892 in
444 2826 577 2910 singulis
596 2825 635 2889 de
653 2845 686 2888 re
706 2827 775 2906 ipsi
797 2848 867 2892 cum
885 2829 1077 2910 rationibus,
1100 2853 1193 2913 quam

262 2945 304 3015 de
330 2943 459 3014 nomine
487 2944 560 3009 solo
587 2942 655 3008 sine
683 2941 857 3007 rationibus
883 2947 1073 3015 consentire.
1120 2950 1195 3019 Mo-

262 3063 391 3132 nuimus
418 3064 506 3147 jam,
528 3059 716 3126 recentiores
749 3055 816 3124 fere
839 3060 1050 3146 philoeophos
1083 3067 1131 3133 sic
1159 3069 1196 3134 ii·

263 3181 321 3246 tud
347 3181 380 3245 in
407 3176 598 3257 disputando
627 3173 746 3239 efficere
782 3175 964 3259 studuisse,
1008 3195 1044 3245 ut
1071 3185 1198 3252 nomine

264 3292 335 3360 eliis
359 3288 541 3385 nominibus
561 3289 732 3374 verbisque
760 3293 966 3377 explicarent.
1010 3297 1106 3380 Quod
1127 3302 1197 3381 qui·

267 3408 336 3475 dem
367 3423 426 3473 nec
459 3425 591 3489 prorsus
622 3411 830 3490 spernendum
861 3412 1007 3490 videtur,
1051 3427 1084 3476 et
1106 3432 1198 3489 usur·
1232 3400 1235 3406 ¹

266 3536 375 3612 putum
395 3521 562 3607 aliquoties
582 3523 623 3588 ab
645 3523 719 3607 ipso
744 3526 874 3601 Platone
900 3539 960 3589 est.
1004 3523 1118 3592 Exstat
1138 3504 1198 3595 huss

167 3666 173 3679 ·
261 3641 316 3729 lus
340 3639 383 3706 rei
404 3639 437 3706 in
462 3642 531 3727 ejus
551 3639 693 3707 Phaedro
723 3643 926 3723 exemplum,
960 3638 1013 3704 ubi
1044 3645 1136 3727 ἔρως,
1159 3647 1200 3716 de

268 3773 333 3843 quo
362 3768 429 3822 erat
456 3757 652 3836 accuratim,
689 3774 781 3839 quam
806 3755 921 3857 Lysias
949 3755 1085 3843 iecerat,
1106 3782 1198 3847 agen.

1101 3879 1201 3961 dum,

306 4010 348 4087 (ι)
368 4006 454 4080 seph·
470 4008 532 4063 2³0.
548 4011 582 4064 G.
599 4010 637 4064 D.
656 4009 704 4089 cip
717 4002 785 4066 ver.
803 4007 845 4077 11.
862 4006 895 4065 P.
911 4011 935 4066 t.
949 4026 983 4088 p.
997 4008 1039 4070 dd.
1050 4011 1099 4100 'te
1115 4014 1162 4092 tp·
