<?xml version="1.0" encoding="UTF-8"?>
<!DOCTYPE html PUBLIC "-//W3C//DTD XHTML 1.0 Transitional//EN"
    "http://www.w3.org/TR/xhtml1/DTD/xhtml1-transitional.dtd">
<html xmlns="http://www.w3.org/1999/xhtml" xml:lang="en" lang="en">
 <head>
  <title>
</title>
<meta http-equiv="Content-Type" content="text/html;charset=utf-8" />
  <meta name='ocr-system' content='tesseract 3.04.00' />
  <meta name='ocr-capabilities' content='ocr_page ocr_carea ocr_par ocr_line ocrx_word'/>
</head>
<body>
  <div class='ocr_page' id='page_1' title='image "./initiaphilosoph01heusgoog_0403.png"; bbox 0 0 2992 5220; ppageno 0'>
   <div class='ocr_carea' id='block_1_1' title="bbox 654 433 850 510">
    <p class='ocr_par' dir='ltr' id='par_1_1' title="bbox 654 433 850 510">
     <span class='ocr_line' id='line_1_1' title="bbox 654 433 850 510; baseline 0.02 -35"><span class='ocrx_word' id='word_1_1' title='bbox 654 433 850 510; x_wconf 53' lang='grc' dir='ltr'>...Μαι</span> 
     </span>
    </p>
   </div>
   <div class='ocr_carea' id='block_1_2' title="bbox 242 593 1220 3944">
    <p class='ocr_par' dir='ltr' id='par_1_2' title="bbox 242 593 1220 3844">
     <span class='ocr_line' id='line_1_2' title="bbox 283 593 1217 689; baseline 0.001 -16"><span class='ocrx_word' id='word_1_2' title='bbox 283 596 363 689; x_wconf 83' lang='lat' dir='ltr'>iem,</span> <span class='ocrx_word' id='word_1_3' title='bbox 395 594 585 675; x_wconf 77' lang='lat' dir='ltr'>Nestorem:</span> <span class='ocrx_word' id='word_1_4' title='bbox 620 606 692 675; x_wconf 88' lang='lat' dir='ltr'>illos</span> <span class='ocrx_word' id='word_1_5' title='bbox 714 608 914 676; x_wconf 83' lang='lat' dir='ltr'>vehementer</span> <span class='ocrx_word' id='word_1_6' title='bbox 941 607 1129 677; x_wconf 82' lang='lat' dir='ltr'>seinvicem</span> <span class='ocrx_word' id='word_1_7' title='bbox 1158 593 1217 674; x_wconf 60' lang='lat' dir='ltr'>ota-¹</span> 
     </span>
     <span class='ocr_line' id='line_1_3' title="bbox 278 723 1220 814; baseline 0 -24"><span class='ocrx_word' id='word_1_8' title='bbox 278 726 459 810; x_wconf 79' lang='lat' dir='ltr'>jurgantes:</span> <span class='ocrx_word' id='word_1_9' title='bbox 493 725 600 804; x_wconf 87' lang='lat' dir='ltr'>hunc,</span> <span class='ocrx_word' id='word_1_10' title='bbox 630 723 788 807; x_wconf 85' lang='lat' dir='ltr'>placidum</span> <span class='ocrx_word' id='word_1_11' title='bbox 818 740 945 807; x_wconf 88' lang='lat' dir='ltr'>senem,</span> <span class='ocrx_word' id='word_1_12' title='bbox 966 724 1133 791; x_wconf 85' lang='lat' dir='ltr'>conciliare</span> <span class='ocrx_word' id='word_1_13' title='bbox 1155 739 1220 814; x_wconf 75' lang='lat' dir='ltr'>eos·</span> 
     </span>
     <span class='ocr_line' id='line_1_4' title="bbox 280 838 1215 941; baseline -0.003 -32"><span class='ocrx_word' id='word_1_14' title='bbox 280 844 481 941; x_wconf 80' lang='lat' dir='ltr'>studentem3</span> <span class='ocrx_word' id='word_1_15' title='bbox 526 842 606 922; x_wconf 89' lang='lat' dir='ltr'>sed,</span> <span class='ocrx_word' id='word_1_16' title='bbox 639 838 766 924; x_wconf 84' lang='lat' dir='ltr'>quinem</span> <span class='ocrx_word' id='word_1_17' title='bbox 791 841 856 908; x_wconf 91' lang='lat' dir='ltr'>sint</span> <span class='ocrx_word' id='word_1_18' title='bbox 881 842 927 908; x_wconf 88' lang='lat' dir='ltr'>illi</span> <span class='ocrx_word' id='word_1_19' title='bbox 954 841 1095 926; x_wconf 79' lang='lat' dir='ltr'><strong>singuli,</strong></span> <span class='ocrx_word' id='word_1_20' title='bbox 1129 840 1215 906; x_wconf 82' lang='lat' dir='ltr'>unde</span> 
     </span>
     <span class='ocr_line' id='line_1_5' title="bbox 279 955 1215 1042; baseline -0.002 -18"><span class='ocrx_word' id='word_1_21' title='bbox 279 958 441 1042; x_wconf 85' lang='lat' dir='ltr'>profecti,</span> <span class='ocrx_word' id='word_1_22' title='bbox 485 955 564 1041; x_wconf 91' lang='lat' dir='ltr'>quid</span> <span class='ocrx_word' id='word_1_23' title='bbox 595 958 784 1038; x_wconf 89' lang='lat' dir='ltr'>moliantur,</span> <span class='ocrx_word' id='word_1_24' title='bbox 828 958 953 1040; x_wconf 90' lang='lat' dir='ltr'>quinam</span> <span class='ocrx_word' id='word_1_25' title='bbox 986 955 1120 1042; x_wconf 89' lang='lat' dir='ltr'>Trojani</span> <span class='ocrx_word' id='word_1_26' title='bbox 1149 968 1215 1022; x_wconf 87' lang='lat' dir='ltr'>arnt</span> 
     </span>
     <span class='ocr_line' id='line_1_6' title="bbox 280 1071 1213 1157; baseline -0.002 -17"><span class='ocrx_word' id='word_1_27' title='bbox 280 1090 417 1157; x_wconf 85' lang='lat' dir='ltr'>quorum</span> <span class='ocrx_word' id='word_1_28' title='bbox 445 1075 562 1141; x_wconf 87' lang='lat' dir='ltr'>mentio</span> <span class='ocrx_word' id='word_1_29' title='bbox 590 1073 627 1140; x_wconf 90' lang='lat' dir='ltr'>fit</span> <span class='ocrx_word' id='word_1_30' title='bbox 650 1073 838 1155; x_wconf 79' lang='lat' dir='ltr'>identidem,</span> <span class='ocrx_word' id='word_1_31' title='bbox 867 1075 939 1157; x_wconf 89' lang='lat' dir='ltr'>quis</span> <span class='ocrx_word' id='word_1_32' title='bbox 956 1074 1116 1156; x_wconf 85' lang='lat' dir='ltr'>Priamus,-</span> <span class='ocrx_word' id='word_1_33' title='bbox 1139 1071 1213 1155; x_wconf 85' lang='lat' dir='ltr'>quis</span> 
     </span>
     <span class='ocr_line' id='line_1_7' title="bbox 278 1180 1212 1278; baseline -0.001 -21"><span class='ocrx_word' id='word_1_34' title='bbox 278 1191 423 1274; x_wconf 85' lang='lat' dir='ltr'>Hector,</span> <span class='ocrx_word' id='word_1_35' title='bbox 453 1191 644 1278; x_wconf 81' lang='lat' dir='ltr'><strong>ignoramus.</strong></span> <span class='ocrx_word' id='word_1_36' title='bbox 698 1191 817 1258; x_wconf 87' lang='lat' dir='ltr'>Verum</span> <span class='ocrx_word' id='word_1_37' title='bbox 844 1193 959 1275; x_wconf 75' lang='lat' dir='ltr'>poita,</span> <span class='ocrx_word' id='word_1_38' title='bbox 990 1180 1039 1258; x_wconf 75' lang='lat' dir='ltr'>ut&#39;¹</span> <span class='ocrx_word' id='word_1_39' title='bbox 1060 1192 1123 1258; x_wconf 86' lang='lat' dir='ltr'>huc</span> <span class='ocrx_word' id='word_1_40' title='bbox 1151 1206 1212 1256; x_wconf 90' lang='lat' dir='ltr'>nos</span> 
     </span>
     <span class='ocr_line' id='line_1_8' title="bbox 280 1304 1211 1392; baseline -0.002 -18"><span class='ocrx_word' id='word_1_41' title='bbox 280 1307 370 1390; x_wconf 82' lang='lat' dir='ltr'>quasi</span> <span class='ocrx_word' id='word_1_42' title='bbox 398 1310 437 1374; x_wconf 88' lang='lat' dir='ltr'>ad</span> <span class='ocrx_word' id='word_1_43' title='bbox 469 1304 672 1391; x_wconf 78' lang='lat' dir='ltr'>spectandum</span> <span class='ocrx_word' id='word_1_44' title='bbox 695 1320 727 1374; x_wconf 91' lang='lat' dir='ltr'>et</span> <span class='ocrx_word' id='word_1_45' title='bbox 752 1309 849 1375; x_wconf 83' lang='lat' dir='ltr'>veluti</span> <span class='ocrx_word' id='word_1_46' title='bbox 873 1311 906 1375; x_wconf 92' lang='lat' dir='ltr'>in</span> <span class='ocrx_word' id='word_1_47' title='bbox 926 1311 1083 1392; x_wconf 75' lang='lat' dir='ltr'>speculem</span> <span class='ocrx_word' id='word_1_48' title='bbox 1101 1307 1211 1389; x_wconf 83' lang='lat' dir='ltr'>duxit,</span> 
     </span>
     <span class='ocr_line' id='line_1_9' title="bbox 277 1397 1213 1510; baseline 0.001 -21"><span class='ocrx_word' id='word_1_49' title='bbox 277 1424 323 1491; x_wconf 89' lang='lat' dir='ltr'>ita</span> <span class='ocrx_word' id='word_1_50' title='bbox 345 1397 496 1491; x_wconf 86' lang='lat' dir='ltr'>narrando</span> <span class='ocrx_word' id='word_1_51' title='bbox 525 1422 672 1504; x_wconf 73' lang='lat' dir='ltr'>deinceps</span> <span class='ocrx_word' id='word_1_52' title='bbox 708 1417 882 1505; x_wconf 83' lang='lat' dir='ltr'>eorumque</span> <span class='ocrx_word' id='word_1_53' title='bbox 913 1426 1111 1492; x_wconf 75' lang='lat' dir='ltr'>sermonibus</span> <span class='ocrx_word' id='word_1_54' title='bbox 1137 1443 1213 1510; x_wconf 58' lang='lat' dir='ltr'>pro*</span> 
     </span>
     <span class='ocr_line' id='line_1_10' title="bbox 279 1534 1213 1620; baseline -0.002 -10"><span class='ocrx_word' id='word_1_55' title='bbox 279 1541 417 1610; x_wconf 79' lang='lat' dir='ltr'>lermdis</span> <span class='ocrx_word' id='word_1_56' title='bbox 445 1534 557 1619; x_wconf 88' lang='lat' dir='ltr'><strong>efficit,</strong></span> <span class='ocrx_word' id='word_1_57' title='bbox 601 1554 638 1602; x_wconf 91' lang='lat' dir='ltr'>ut</span> <span class='ocrx_word' id='word_1_58' title='bbox 664 1537 847 1620; x_wconf 85' lang='lat' dir='ltr'>ecquinam</span> <span class='ocrx_word' id='word_1_59' title='bbox 873 1538 936 1604; x_wconf 91' lang='lat' dir='ltr'>sint</span> <span class='ocrx_word' id='word_1_60' title='bbox 965 1541 1010 1607; x_wconf 93' lang='lat' dir='ltr'>illi</span> <span class='ocrx_word' id='word_1_61' title='bbox 1041 1561 1150 1609; x_wconf 91' lang='lat' dir='ltr'>omnes</span> <span class='ocrx_word' id='word_1_62' title='bbox 1178 1553 1213 1608; x_wconf 85' lang='lat' dir='ltr'>et</span> 
     </span>
     <span class='ocr_line' id='line_1_11' title="bbox 278 1652 1215 1741; baseline 0 -19"><span class='ocrx_word' id='word_1_63' title='bbox 278 1667 356 1723; x_wconf 71' lang='lat' dir='ltr'>vcro</span> <span class='ocrx_word' id='word_1_64' title='bbox 385 1656 520 1736; x_wconf 90' lang='lat' dir='ltr'>quales,</span> <span class='ocrx_word' id='word_1_65' title='bbox 563 1652 718 1717; x_wconf 87' lang='lat' dir='ltr'>cernendo</span> <span class='ocrx_word' id='word_1_66' title='bbox 746 1670 996 1735; x_wconf 80' lang='lat' dir='ltr'>cognoscamus:</span> <span class='ocrx_word' id='word_1_67' title='bbox 1040 1657 1215 1741; x_wconf 83' lang='lat' dir='ltr'>distingua-</span> 
     </span>
     <span class='ocr_line' id='line_1_12' title="bbox 279 1767 1210 1852; baseline -0.001 -13"><span class='ocrx_word' id='word_1_68' title='bbox 279 1786 351 1839; x_wconf 85' lang='lat' dir='ltr'>mus</span> <span class='ocrx_word' id='word_1_69' title='bbox 395 1768 548 1836; x_wconf 87' lang='lat' dir='ltr'>contiuuo</span> <span class='ocrx_word' id='word_1_70' title='bbox 586 1767 626 1832; x_wconf 87' lang='lat' dir='ltr'>ab</span> <span class='ocrx_word' id='word_1_71' title='bbox 671 1767 906 1852; x_wconf 81' lang='lat' dir='ltr'>Agamemnone</span> <span class='ocrx_word' id='word_1_72' title='bbox 942 1769 1127 1852; x_wconf 83' lang='lat' dir='ltr'><strong>Achillem,</strong></span> <span class='ocrx_word' id='word_1_73' title='bbox 1169 1770 1210 1838; x_wconf 86' lang='lat' dir='ltr'>ab</span> 
     </span>
     <span class='ocr_line' id='line_1_13' title="bbox 277 1872 1212 1972; baseline 0 -17"><span class='ocrx_word' id='word_1_74' title='bbox 277 1896 417 1970; x_wconf 85' lang='lat' dir='ltr'>utroque</span> <span class='ocrx_word' id='word_1_75' title='bbox 460 1883 654 1965; x_wconf 85' lang='lat' dir='ltr'>Nestorem,</span> <span class='ocrx_word' id='word_1_76' title='bbox 695 1883 735 1949; x_wconf 86' lang='lat' dir='ltr'>ab</span> <span class='ocrx_word' id='word_1_77' title='bbox 769 1883 819 1950; x_wconf 89' lang='lat' dir='ltr'>his</span> <span class='ocrx_word' id='word_1_78' title='bbox 858 1872 972 1952; x_wconf 89' lang='lat' dir='ltr'>deinde</span> <span class='ocrx_word' id='word_1_79' title='bbox 999 1887 1212 1972; x_wconf 85' lang='lat' dir='ltr'>Diomedem,</span> 
     </span>
     <span class='ocr_line' id='line_1_14' title="bbox 277 1992 1213 2090; baseline 0.003 -19"><span class='ocrx_word' id='word_1_80' title='bbox 277 2007 449 2090; x_wconf 85' lang='lat' dir='ltr'>Ulyssem,</span> <span class='ocrx_word' id='word_1_81' title='bbox 470 2002 614 2084; x_wconf 87' lang='lat' dir='ltr'>aliosque</span> <span class='ocrx_word' id='word_1_82' title='bbox 632 1996 826 2067; x_wconf 84' lang='lat' dir='ltr'>Graecorum</span> <span class='ocrx_word' id='word_1_83' title='bbox 847 2002 963 2069; x_wconf 76' lang='lat' dir='ltr'>ducesz</span> <span class='ocrx_word' id='word_1_84' title='bbox 985 1992 1092 2070; x_wconf 84' lang='lat' dir='ltr'>tuma</span> <span class='ocrx_word' id='word_1_85' title='bbox 1112 2005 1213 2074; x_wconf 88' lang='lat' dir='ltr'>Grae·</span> 
     </span>
     <span class='ocr_line' id='line_1_15' title="bbox 276 2097 1211 2201; baseline -0.002 -10"><span class='ocrx_word' id='word_1_86' title='bbox 276 2097 493 2192; x_wconf 70' lang='lat' dir='ltr'>cisoranum</span> <span class='ocrx_word' id='word_1_87' title='bbox 523 2118 685 2199; x_wconf 83' lang='lat' dir='ltr'>Paridem,</span> <span class='ocrx_word' id='word_1_88' title='bbox 716 2118 908 2201; x_wconf 75' lang='lat' dir='ltr'>Hectorem,</span> <span class='ocrx_word' id='word_1_89' title='bbox 940 2119 1107 2188; x_wconf 76' lang='lat' dir='ltr'>smmum.</span> <span class='ocrx_word' id='word_1_90' title='bbox 1157 2122 1211 2191; x_wconf 80' lang='lat' dir='ltr'>stt</span> 
     </span>
     <span class='ocr_line' id='line_1_16' title="bbox 276 2236 1208 2325; baseline 0.003 -19"><span class='ocrx_word' id='word_1_91' title='bbox 276 2236 340 2325; x_wconf 85' lang='lat' dir='ltr'>ita,</span> <span class='ocrx_word' id='word_1_92' title='bbox 362 2253 398 2307; x_wconf 90' lang='lat' dir='ltr'>ut</span> <span class='ocrx_word' id='word_1_93' title='bbox 429 2238 491 2324; x_wconf 85' lang='lat' dir='ltr'>ipsi</span> <span class='ocrx_word' id='word_1_94' title='bbox 517 2237 681 2319; x_wconf 82' lang='lat' dir='ltr'>singulus,</span> <span class='ocrx_word' id='word_1_95' title='bbox 713 2241 842 2304; x_wconf 78' lang='lat' dir='ltr'>recten</span> <span class='ocrx_word' id='word_1_96' title='bbox 873 2257 907 2304; x_wconf 88' lang='lat' dir='ltr'>se</span> <span class='ocrx_word' id='word_1_97' title='bbox 933 2237 1065 2306; x_wconf 87' lang='lat' dir='ltr'>invicem</span> <span class='ocrx_word' id='word_1_98' title='bbox 1080 2240 1208 2309; x_wconf 87' lang='lat' dir='ltr'>disere·</span> 
     </span>
     <span class='ocr_line' id='line_1_17' title="bbox 279 2352 1207 2444; baseline -0.004 -15"><span class='ocrx_word' id='word_1_99' title='bbox 279 2377 351 2443; x_wconf 88' lang='lat' dir='ltr'>tos,</span> <span class='ocrx_word' id='word_1_100' title='bbox 387 2352 616 2444; x_wconf 76' lang='lat' dir='ltr'>diiudicemusa</span> <span class='ocrx_word' id='word_1_101' title='bbox 659 2353 738 2419; x_wconf 88' lang='lat' dir='ltr'>alios</span> <span class='ocrx_word' id='word_1_102' title='bbox 764 2354 972 2438; x_wconf 83' lang='lat' dir='ltr'>admiremur,</span> <span class='ocrx_word' id='word_1_103' title='bbox 995 2358 1207 2444; x_wconf 79' lang='lat' dir='ltr'>vituperemus</span> 
     </span>
     <span class='ocr_line' id='line_1_18' title="bbox 275 2470 1207 2557; baseline -0.008 -13"><span class='ocrx_word' id='word_1_104' title='bbox 275 2479 375 2547; x_wconf 86' lang='lat' dir='ltr'>alios:</span> <span class='ocrx_word' id='word_1_105' title='bbox 398 2472 460 2540; x_wconf 88' lang='lat' dir='ltr'>illis</span> <span class='ocrx_word' id='word_1_106' title='bbox 487 2470 648 2538; x_wconf 86' lang='lat' dir='ltr'>faveamus</span> <span class='ocrx_word' id='word_1_107' title='bbox 670 2470 704 2536; x_wconf 91' lang='lat' dir='ltr'>in</span> <span class='ocrx_word' id='word_1_108' title='bbox 722 2470 816 2536; x_wconf 88' lang='lat' dir='ltr'>rebus</span> <span class='ocrx_word' id='word_1_109' title='bbox 840 2473 993 2557; x_wconf 87' lang='lat' dir='ltr'>agundis,</span> <span class='ocrx_word' id='word_1_110' title='bbox 1020 2476 1070 2543; x_wconf 87' lang='lat' dir='ltr'>bis</span> <span class='ocrx_word' id='word_1_111' title='bbox 1096 2479 1207 2549; x_wconf 79' lang='lat' dir='ltr'>irasca&#39;.</span> 
     </span>
     <span class='ocr_line' id='line_1_19' title="bbox 277 2584 1208 2680; baseline 0.002 -17"><span class='ocrx_word' id='word_1_112' title='bbox 277 2606 367 2664; x_wconf 82' lang='lat' dir='ltr'>inus:</span> <span class='ocrx_word' id='word_1_113' title='bbox 391 2595 471 2659; x_wconf 92' lang='lat' dir='ltr'>duos</span> <span class='ocrx_word' id='word_1_114' title='bbox 490 2608 508 2656; x_wconf 91' lang='lat' dir='ltr'>a</span> <span class='ocrx_word' id='word_1_115' title='bbox 527 2584 656 2654; x_wconf 87' lang='lat' dir='ltr'>caeteris</span> <span class='ocrx_word' id='word_1_116' title='bbox 677 2586 823 2654; x_wconf 90' lang='lat' dir='ltr'>omnibus</span> <span class='ocrx_word' id='word_1_117' title='bbox 846 2584 1099 2676; x_wconf 86' lang='lat' dir='ltr'>distinguamus,</span> <span class='ocrx_word' id='word_1_118' title='bbox 1119 2599 1208 2680; x_wconf 89' lang='lat' dir='ltr'>prin-</span> 
     </span>
     <span class='ocr_line' id='line_1_20' title="bbox 274 2704 1205 2799; baseline 0.002 -20"><span class='ocrx_word' id='word_1_119' title='bbox 274 2713 360 2799; x_wconf 87' lang='lat' dir='ltr'>cipes</span> <span class='ocrx_word' id='word_1_120' title='bbox 381 2706 524 2776; x_wconf 82' lang='lat' dir='ltr'>carminis</span> <span class='ocrx_word' id='word_1_121' title='bbox 546 2707 678 2786; x_wconf 88' lang='lat' dir='ltr'>heroas,</span> <span class='ocrx_word' id='word_1_122' title='bbox 700 2704 855 2771; x_wconf 86' lang='lat' dir='ltr'>Achillem</span> <span class='ocrx_word' id='word_1_123' title='bbox 876 2717 908 2772; x_wconf 87' lang='lat' dir='ltr'>et</span> <span class='ocrx_word' id='word_1_124' title='bbox 924 2707 1107 2777; x_wconf 88' lang='lat' dir='ltr'>Hectorem.</span> <span class='ocrx_word' id='word_1_125' title='bbox 1132 2713 1205 2799; x_wconf 87' lang='lat' dir='ltr'>Fit,</span> 
     </span>
     <span class='ocr_line' id='line_1_21' title="bbox 242 2815 1202 2911; baseline 0.001 -14"><span class='ocrx_word' id='word_1_126' title='bbox 242 2898 245 2910; x_wconf 74' lang='grc'><strong>,</strong></span> <span class='ocrx_word' id='word_1_127' title='bbox 276 2842 336 2911; x_wconf 88' lang='lat' dir='ltr'>ut,</span> <span class='ocrx_word' id='word_1_128' title='bbox 368 2830 451 2892; x_wconf 89' lang='lat' dir='ltr'>lecto</span> <span class='ocrx_word' id='word_1_129' title='bbox 486 2823 638 2902; x_wconf 87' lang='lat' dir='ltr'>carmine,</span> <span class='ocrx_word' id='word_1_130' title='bbox 671 2822 718 2888; x_wconf 89' lang='lat' dir='ltr'>sic</span> <span class='ocrx_word' id='word_1_131' title='bbox 750 2837 781 2887; x_wconf 87' lang='lat' dir='ltr'>et</span> <span class='ocrx_word' id='word_1_132' title='bbox 808 2822 871 2905; x_wconf 75' lang='lat' dir='ltr'>ipsi</span> <span class='ocrx_word' id='word_1_133' title='bbox 891 2823 1066 2908; x_wconf 84' lang='lat' dir='ltr'>judicemus</span> <span class='ocrx_word' id='word_1_134' title='bbox 1091 2815 1131 2896; x_wconf 90' lang='lat' dir='ltr'>de</span> <span class='ocrx_word' id='word_1_135' title='bbox 1151 2833 1202 2898; x_wconf 87' lang='lat' dir='ltr'>his</span> 
     </span>
     <span class='ocr_line' id='line_1_22' title="bbox 275 2938 1203 3022; baseline 0 -12"><span class='ocrx_word' id='word_1_136' title='bbox 275 2944 422 3014; x_wconf 87' lang='lat' dir='ltr'>omnibus</span> <span class='ocrx_word' id='word_1_137' title='bbox 455 2957 486 3006; x_wconf 87' lang='lat' dir='ltr'>et</span> <span class='ocrx_word' id='word_1_138' title='bbox 513 2961 585 3006; x_wconf 94' lang='lat' dir='ltr'>cum</span> <span class='ocrx_word' id='word_1_139' title='bbox 618 2938 710 3020; x_wconf 90' lang='lat' dir='ltr'>aliis,</span> <span class='ocrx_word' id='word_1_140' title='bbox 751 2940 807 3020; x_wconf 91' lang='lat' dir='ltr'>qui</span> <span class='ocrx_word' id='word_1_141' title='bbox 831 2941 997 3022; x_wconf 78' lang='lat' dir='ltr'>legerunt,</span> <span class='ocrx_word' id='word_1_142' title='bbox 1028 2942 1067 3008; x_wconf 87' lang='lat' dir='ltr'>de</span> <span class='ocrx_word' id='word_1_143' title='bbox 1094 2945 1203 3016; x_wconf 89' lang='lat' dir='ltr'>iisdem</span> 
     </span>
     <span class='ocr_line' id='line_1_23' title="bbox 274 3054 1207 3141; baseline 0.006 -18"><span class='ocrx_word' id='word_1_144' title='bbox 274 3058 502 3140; x_wconf 85' lang='lat' dir='ltr'>disputemus,</span> <span class='ocrx_word' id='word_1_145' title='bbox 548 3054 612 3117; x_wconf 90' lang='lat' dir='ltr'>acsi</span> <span class='ocrx_word' id='word_1_146' title='bbox 640 3066 706 3119; x_wconf 88' lang='lat' dir='ltr'>non</span> <span class='ocrx_word' id='word_1_147' title='bbox 739 3071 861 3119; x_wconf 87' lang='lat' dir='ltr'>carmen</span> <span class='ocrx_word' id='word_1_148' title='bbox 892 3055 1106 3141; x_wconf 84' lang='lat' dir='ltr'>legissemus,</span> <span class='ocrx_word' id='word_1_149' title='bbox 1149 3065 1207 3131; x_wconf 88' lang='lat' dir='ltr'>sed</span> 
     </span>
     <span class='ocr_line' id='line_1_24' title="bbox 274 3156 1205 3260; baseline -0.005 -19"><span class='ocrx_word' id='word_1_150' title='bbox 274 3170 336 3260; x_wconf 88' lang='lat' dir='ltr'>ipsi</span> <span class='ocrx_word' id='word_1_151' title='bbox 366 3168 585 3237; x_wconf 86' lang='lat' dir='ltr'>certaminibus</span> <span class='ocrx_word' id='word_1_152' title='bbox 621 3166 685 3232; x_wconf 89' lang='lat' dir='ltr'>illis</span> <span class='ocrx_word' id='word_1_153' title='bbox 718 3172 839 3236; x_wconf 86' lang='lat' dir='ltr'>cunctis</span> <span class='ocrx_word' id='word_1_154' title='bbox 869 3188 901 3238; x_wconf 88' lang='lat' dir='ltr'>et</span> <span class='ocrx_word' id='word_1_155' title='bbox 931 3156 1128 3243; x_wconf 87' lang='lat' dir='ltr'>sermonibus</span> <span class='ocrx_word' id='word_1_156' title='bbox 1156 3181 1205 3248; x_wconf 87' lang='lat' dir='ltr'>in.</span> 
     </span>
     <span class='ocr_line' id='line_1_25' title="bbox 274 3282 1205 3370; baseline 0.006 -13"><span class='ocrx_word' id='word_1_157' title='bbox 274 3288 505 3359; x_wconf 82' lang='lat' dir='ltr'>r&#39;erfuissemus.</span> <span class='ocrx_word' id='word_1_158' title='bbox 550 3282 762 3370; x_wconf 84' lang='lat' dir='ltr'>Quamobrem</span> <span class='ocrx_word' id='word_1_159' title='bbox 788 3290 853 3351; x_wconf 86' lang='lat' dir='ltr'>non</span> <span class='ocrx_word' id='word_1_160' title='bbox 886 3288 993 3370; x_wconf 89' lang='lat' dir='ltr'>inepte</span> <span class='ocrx_word' id='word_1_161' title='bbox 1012 3291 1099 3358; x_wconf 89' lang='lat' dir='ltr'>Plato</span> <span class='ocrx_word' id='word_1_162' title='bbox 1126 3293 1205 3365; x_wconf 82' lang='lat' dir='ltr'>dra·</span> 
     </span>
     <span class='ocr_line' id='line_1_26' title="bbox 273 3399 1204 3484; baseline -0.001 -11"><span class='ocrx_word' id='word_1_163' title='bbox 273 3418 364 3473; x_wconf 80' lang='lat' dir='ltr'>mara</span> <span class='ocrx_word' id='word_1_164' title='bbox 388 3410 479 3471; x_wconf 80' lang='lat' dir='ltr'>vocat</span> <span class='ocrx_word' id='word_1_165' title='bbox 506 3400 632 3468; x_wconf 89' lang='lat' dir='ltr'>Iliadem</span> <span class='ocrx_word' id='word_1_166' title='bbox 663 3402 696 3466; x_wconf 86' lang='lat' dir='ltr'>et&#39;</span> <span class='ocrx_word' id='word_1_167' title='bbox 728 3399 904 3484; x_wconf 79' lang='lat' dir='ltr'>Odysseam</span> <span class='ocrx_word' id='word_1_168' title='bbox 926 3400 971 3466; x_wconf 69' lang='lat'>(0.</span> <span class='ocrx_word' id='word_1_169' title='bbox 1023 3406 1104 3476; x_wconf 83' lang='lat' dir='ltr'>Nam</span> <span class='ocrx_word' id='word_1_170' title='bbox 1137 3431 1204 3483; x_wconf 81' lang='lat' dir='ltr'>non</span> 
     </span>
     <span class='ocr_line' id='line_1_27' title="bbox 247 3500 1206 3614; baseline 0.003 -25"><span class='ocrx_word' id='word_1_171' title='bbox 247 3530 376 3590; x_wconf 78' lang='lat' dir='ltr'>&#39;narrat</span> <span class='ocrx_word' id='word_1_172' title='bbox 404 3528 525 3586; x_wconf 89' lang='lat' dir='ltr'>tantum</span> <span class='ocrx_word' id='word_1_173' title='bbox 558 3518 597 3582; x_wconf 83' lang='lat' dir='ltr'>de</span> <span class='ocrx_word' id='word_1_174' title='bbox 626 3500 776 3582; x_wconf 89' lang='lat' dir='ltr'>heroibus</span> <span class='ocrx_word' id='word_1_175' title='bbox 807 3517 987 3602; x_wconf 87' lang='lat' dir='ltr'>Homerus,</span> <span class='ocrx_word' id='word_1_176' title='bbox 1030 3527 1085 3590; x_wconf 89' lang='lat' dir='ltr'>sed</span> <span class='ocrx_word' id='word_1_177' title='bbox 1115 3529 1206 3614; x_wconf 78' lang='lat' dir='ltr'>ipsos</span> 
     </span>
     <span class='ocr_line' id='line_1_28' title="bbox 272 3634 1206 3729; baseline 0.005 -25"><span class='ocrx_word' id='word_1_178' title='bbox 272 3639 394 3718; x_wconf 82' lang='lat' dir='ltr'>nobis,</span> <span class='ocrx_word' id='word_1_179' title='bbox 438 3637 625 3720; x_wconf 86' lang='lat' dir='ltr'>tragicorum</span> <span class='ocrx_word' id='word_1_180' title='bbox 653 3634 769 3714; x_wconf 88' lang='lat' dir='ltr'>instar,</span> <span class='ocrx_word' id='word_1_181' title='bbox 812 3650 937 3719; x_wconf 88' lang='lat' dir='ltr'>agentes</span> <span class='ocrx_word' id='word_1_182' title='bbox 976 3638 1206 3729; x_wconf 71' lang='lat' dir='ltr'>loquentesque</span> 
     </span>
     <span class='ocr_line' id='line_1_29' title="bbox 273 3732 1202 3844; baseline 0.004 -23"><span class='ocrx_word' id='word_1_183' title='bbox 273 3732 449 3844; x_wconf 82' lang='lat' dir='ltr'>proponit,</span> <span class='ocrx_word' id='word_1_184' title='bbox 481 3767 514 3819; x_wconf 88' lang='lat' dir='ltr'>et</span> <span class='ocrx_word' id='word_1_185' title='bbox 540 3732 616 3820; x_wconf 83' lang='lat' dir='ltr'>sero</span> <span class='ocrx_word' id='word_1_186' title='bbox 642 3751 689 3818; x_wconf 92' lang='lat' dir='ltr'>sic</span> <span class='ocrx_word' id='word_1_187' title='bbox 717 3734 844 3835; x_wconf 78' lang='lat' dir='ltr'>narrat,</span> <span class='ocrx_word' id='word_1_188' title='bbox 876 3765 937 3835; x_wconf 89' lang='lat' dir='ltr'>ut,</span> <span class='ocrx_word' id='word_1_189' title='bbox 960 3750 1044 3837; x_wconf 80' lang='lat' dir='ltr'>quae</span> <span class='ocrx_word' id='word_1_190' title='bbox 1066 3761 1202 3843; x_wconf 80' lang='lat' dir='ltr'>primum</span> 
     </span>
    </p>

    <p class='ocr_par' dir='ltr' id='par_1_3' title="bbox 1146 3896 1205 3944">
     <span class='ocr_line' id='line_1_30' title="bbox 1146 3896 1205 3944; baseline 0 0"><span class='ocrx_word' id='word_1_191' title='bbox 1146 3896 1205 3944; x_wconf 81' lang='lat' dir='ltr'>nu·</span> 
     </span>
    </p>
   </div>
   <div class='ocr_carea' id='block_1_3' title="bbox 209 3998 692 4105">
    <p class='ocr_par' dir='ltr' id='par_1_4' title="bbox 209 3998 692 4105">
     <span class='ocr_line' id='line_1_31' title="bbox 209 3998 692 4105; baseline 0.008 -50"><span class='ocrx_word' id='word_1_192' title='bbox 209 4050 211 4055; x_wconf 86' lang='lat'><em>.</em></span> <span class='ocrx_word' id='word_1_193' title='bbox 297 3998 692 4105; x_wconf 50' lang='lat' dir='ltr'>mmmmmn</span> 
     </span>
    </p>
   </div>
   <div class='ocr_carea' id='block_1_4' title="bbox 725 4106 757 4181">
    <p class='ocr_par' dir='ltr' id='par_1_5' title="bbox 725 4106 757 4181">
     <span class='ocr_line' id='line_1_32' title="bbox 725 4106 757 4181; baseline 0 0"><span class='ocrx_word' id='word_1_194' title='bbox 725 4106 757 4181; x_wconf 89' lang='lat'>0</span> 
     </span>
    </p>
   </div>
   <div class='ocr_carea' id='block_1_5' title="bbox 0 0 1500 5220">
    <p class='ocr_par' dir='ltr' id='par_1_6' title="bbox 0 0 1500 5220">
     <span class='ocr_line' id='line_1_33' title="bbox 0 0 1500 5220; baseline 0 2"><span class='ocrx_word' id='word_1_195' title='bbox 0 0 1500 5220; x_wconf 95' lang='lat' dir='ltr'> </span> 
     </span>
    </p>
   </div>
  </div>
 </body>
</html>
