2992 5220
661 460 815 524 ..9-

272 611 383 694 poenis
402 611 527 697 dignae·
567 609 712 698 Judicant
732 609 828 693 igitur
852 609 892 676 de
917 607 966 675 his
984 609 1129 678 omnihus
1144 612 1202 678 lio

274 729 372 796 mines
391 729 597 812 opinionibus
619 727 789 809 suspensi,
810 744 875 792 non
892 724 1052 792 scientiam
1075 723 1203 795 adsecu-

272 847 319 926 ti,
348 845 510 930 judicant,
550 858 586 908 ut
617 841 672 924 qui
709 844 865 912 somniant
895 843 1109 921 dormientes,
1139 844 1203 911 imo

273 980 351 1028 vero
382 961 416 1026 hi
444 959 552 1044 uigiles
585 959 764 1040 somniant,
787 959 866 1046 lm
905 964 1123 1045 aversanum:
1146 976 1205 1027 noc

274 1073 373 1160 magis
411 1073 536 1160 vigiliae
567 1092 667 1156 suae,
700 1093 793 1156 quam
824 1076 927 1143 somni
958 1076 998 1144 ad
1023 1073 1207 1159 sapientiam

275 1189 413 1257 inactum
451 1190 592 1274 capiunt.
659 1190 786 1259 Scilicet
820 1191 983 1279 simulacra
1015 1207 1173 1259 sectantur
1193 1240 1212 1275 ,‚

276 1323 341 1371 non
362 1324 436 1373 resa
458 1306 588 1388 pulcra,
610 1323 674 1399 non
695 1307 840 1391 pulcrum
862 1305 991 1389 ipsum:
1012 1306 1118 1390 bona,
1138 1311 1209 1395 jus·

230 1418 233 1424 ’
275 1436 333 1505 ta,
362 1437 493 1503 sancta,
524 1440 590 1487 non
618 1422 722 1506 ipsum
755 1422 897 1502 bonum,
929 1423 1033 1505 ipsum
1061 1429 1208 1513 justum,

276 1541 382 1624 ipsum
413 1555 575 1606 sanctum:
619 1559 684 1606 non
724 1555 877 1622 quaerunt
906 1540 1069 1608 veritatem
1101 1542 1134 1608 in
1158 1543 1210 1611 lais

279 1657 452 1739 omnibus,¹
482 1660 538 1725 sed
572 1658 732 1740 speciem,
764 1677 829 1724 non
867 1663 902 1731 ci
938 1663 1013 1731 ariri
1044 1665 1110 1730 καθ’
1136 1666 1212 1733 aori

278 1778 367 1854 bane
394 1778 446 1854 iu,
470 1776 558 1857 quod
584 1775 688 1860 ipsum
711 1794 822 1860 perse
847 1794 957 1861 reapse
972 1793 1022 1844 est
1043 1781 1210 1863 pulcrum,

279 1890 426 1973 bonum,
444 1895 588 1978 justum,
615 1909 780 1975 sanctum,
803 1893 858 1959 sed
887 1894 974 1977 quod
1002 1893 1036 1958 id
1066 1913 1137 1962 esse
1165 1897 1214 1962 vi·

281 2005 386 2071 detur.
441 2007 524 2071 Illud
550 2007 579 2072 si
613 2023 789 2087 spectarent
825 2027 860 2073 ac
898 2025 1031 2091 possent
1062 2011 1213 2092 adsequi,

281 2121 329 2189 sic
366 2121 491 2189 demum
524 2120 812 2204 expergiscerentur
840 2138 859 2185 e
894 2140 1032 2204 somno,
1072 2143 1139 2208 quo
1167 2128 1215 2213 ja.

281 2251 357 2305 cent
399 2236 549 2320 sepulti,
585 2250 744 2304 cessarent
793 2237 952 2320 opinari,
992 2241 1073 2308 scire
1093 2243 1215 2329 incipe-
1245 2306 1248 2311 .

194 2434 197 2443 Ι
283 2370 376 2438 rent,
407 2368 439 2422 et
466 2354 604 2420 omniurn
634 2368 719 2418 esset
750 2356 1035 2423 controversiarum
1062 2357 1217 2440 istarum,

284 2473 323 2540 ad
361 2491 512 2538 summam
555 2469 683 2536 humani
729 2468 852 2553 generis
886 2455 1097 2553 felicitatem,
1143 2471 1217 2542 finis

285 2589 469 2674 impositus.
538 2587 601 2653 Sed
636 2586 828 2652 somniantes
865 2586 926 2652 hoc
963 2587 1037 2654 item
1077 2588 1214 2658 habenta

285 2707 374 2789 quod
390 2705 493 2772 simile
521 2719 570 2772 est
589 2703 680 2770 alicui
708 2702 772 2784 rei,
795 2721 859 2767 non
881 2703 1006 2786 simile,
1028 2705 1083 2772 sed
1111 2706 1216 2796 ipsum

283 2842 356 2895 esse
379 2838 509 2921 censent
541 2821 643 2902 illud,
665 2819 719 2886 cui
737 2835 786 2887 est
814 2820 945 2886 simile.'
971 2821 1008 2886 Id
1034 2837 1136 2891 autern
1161 2846 1220 2893 no·

286 2944 336 3010 bis
357 2942 390 3008 in
418 2941 475 3007 hac
495 2939 677 3006 conditione
707 2953 814 3004 nostra
836 2938 1058 3023 gravissimum
1088 2956 1137 3005 est
1157 2961 1224 3010 rna.

286 3064 365 3129 irim.
408 3058 579 3127 simulacra
607 3057 683 3137 illa,
706 3073 786 3137 quae
816 3071 899 3119 nunc
931 3055 999 3119 sola
1028 3056 1222 3140 percipimus

289 3173 463 3256 sensibus,
485 3194 550 3241 non
570 3174 734 3240 simulacra
757 3191 847 3252 esse,
870 3172 926 3237 sed
944 3190 995 3238 res
1021 3171 1131 3256 ipsas,
1153 3175 1224 3258 opi.

287 3307 420 3359 namur:
458 3305 534 3355 sunt
564 3306 668 3358 autem
701 3290 777 3371 illa,
811 3302 848 3355 ut
869 3290 1073 3371 monuimus,
1105 3288 1225 3360 fallacia

290 3423 431 3492 magnam
471 3416 617 3486 partem,
645 3418 758 3471 cuncta
796 3423 897 3486 vero,
929 3405 957 3470 si
994 3406 1121 3488 quidem
1150 3429 1224 3478 curn

291 3522 430 3589 veritatis
457 3522 529 3587 luce
549 3533 580 3586 et
610 3518 778 3603 splendore
807 3519 1035 3604 conferuntur,
1075 3543 1226 3610 perquam

294 3638 440 3705 obscura.
483 3638 571 3723 Ergo
601 3635 684 3702 bona
711 3632 885 3719 persequi,
907 3655 987 3718 quae
1012 3638 1093 3707 bona
1121 3642 1232 3711 viden·

292 3770 370 3838 tur,
391 3754 448 3821 sed
473 3743 545 3822 suut
564 3755 666 3835 mala,
686 3754 771 3836 justa
798 3772 1023 3839 propugnare,
1047 3776 1128 3840 quae
1148 3761 1247 3844 justi-

283 3874 412 3958 'habent
433 3871 593 3956 speciem,
615 3871 672 3938 sed
701 3869 936 3956 sarcinium,
972 3890 1050 3954 vera,
1076 3893 1236 3944 assevera-

293 4012 346 4074 re,
370 4008 450 4077 quae
471 3989 625 4057 habentur
649 4005 744 4071 vera,
766 3989 822 4056 sed
846 4004 922 4077 sunt
942 3987 1045 4074 falsa,
1062 3989 1233 4067 ,simulacra
1277 4084 1280 4091 Ι
1330 4064 1334 4072 A

1166 4125 1233 4181 §lm-
