2992 5220
830 451 1002 516 ⁴⁶18-

462 627 538 710 quid
558 629 641 692 vitae
660 627 887 709 perniciosius,
911 628 986 708 quid
1015 627 1110 694 rebus
1140 627 1253 695 divinis
1283 630 1391 698 hurna⁴

462 745 576 825 nisque
609 744 765 829 indignius
796 744 930 826 potest?
971 744 1031 809 His
1061 744 1156 828 igitur
1183 746 1390 828 hominibus,

459 863 534 926 haec
565 860 658 925 nobis
691 861 822 942 placita,
854 861 928 926 haec
958 861 1040 927 dicta
1067 861 1161 945 impia
1190 863 1316 946 inipso
1339 865 1407 930 iti·-

459 978 543 1046 neris
572 979 674 1044 nostri
700 978 897 1062 ingressione
925 977 1177 1063 objectantibus,
1200 979 1278 1062 quid
1299 978 1395 1047 facie-

460 1094 556 1163 mus?
578 1096 726 1176 Scilicet,
748 1099 857 1185 nostrl
877 1113 937 1160 nos
959 1095 1036 1175 via,
1057 1109 1094 1158 ut
1113 1094 1295 1178 coepitnus,
1317 1115 1393 1179 pro·

460 1213 635 1297 grediemur
655 1212 804 1293 placide,
827 1228 885 1274 nec
916 1210 1040 1274 illorum
1073 1210 1293 1294 impugnantes
1320 1231 1392 1280 sen-

458 1328 606 1409 tentiam,
625 1343 775 1391 necuere
796 1336 1031 1409 propugnantes
1050 1339 1190 1390 nostram
1204 1372 1215 1405 ,
1229 1328 1284 1392 sed
1296 1348 1391 1409 quae·

461 1458 588 1526 rentes,
616 1445 837 1527 euplomntes,
868 1443 895 1508 si
928 1441 1030 1524 forte,
1072 1457 1109 1509 ut
1140 1445 1283 1526 pulcrum
1314 1463 1392 1512 con·

459 1562 569 1645 spicati
599 1580 735 1641 sumus,
764 1559 806 1627 ita
831 1560 945 1625 veritas
974 1559 1068 1625 nobis
1094 1560 1209 1625 alicubi
1232 1576 1388 1643 appareat.

351 1721 353 1725 ι
460 1662 548 1743 Num
580 1677 678 1756 illud,
712 1678 797 1759 quod
839 1676 1037 1759 quaerimus,
1075 1677 1136 1743 tale
1164 1679 1316 1760 reperturi
1348 1678 1392 1744 si·

459 1806 551 1874 mus,
582 1795 674 1876 quale
702 1795 764 1878 jam
794 1793 1022 1861 autumavimus
1055 1794 1310 1876 quodammodo,
1344 1796 1392 1861 in·

457 1920 578 1976 certum
609 1925 677 1994 est;
711 1928 768 1977 nec
800 1929 876 1976 vero
905 1910 938 1976 id
966 1925 1163 1995 spectamus:
1193 1929 1265 1978 uam
1300 1911 1389 1978 siin

458 2029 517 2095 alia
537 2048 727 2112 quacunque
746 2029 890 2110 tandem,
919 2028 952 2094 in
985 2030 1042 2095 hac
1071 2042 1155 2095 certe
1181 2028 1282 2111 ipsius
1310 2027 1391 2094 veri·

459 2146 531 2211 tatis
560 2146 803 2229 disquisitione,
834 2164 900 2210 non
930 2147 1017 2227 quod
1046 2145 1251 2230 opinionibus
1267 2147 1389 2214 'nostris

458 2270 723 2344 consentaneum,
756 2262 812 2328 sed
851 2262 939 2345 quod
966 2281 1075 2330 verum
1107 2279 1157 2330 est
1190 2264 1390 2347 quaerimus,

456 2378 526 2445 sive
545 2381 709 2446 conveniat
736 2379 819 2460 illis,
842 2379 911 2447 siue
938 2394 1104 2466 repugnet.
1133 2381 1312 2471 ¹Quidquid
1332 2381 1392 2466 igi·

459 2509 513 2562 tur
543 2497 701 2564 clamitant
731 2477 808 2581 isti,
840 2498 920 2564 nihil
950 2517 1107 2575 moramur
1134 2517 1219 2564 nunc
1250 2500 1388 2582 quidem.

458 2614 583 2696 Quodsi
615 2615 793 2692 quaerendo
822 2617 975 2695 reperisse
1003 2616 1096 2679 nobis
1122 2615 1292 2696 aliquando
1313 2635 1392 2681 non·

457 2728 537 2793 nihil
565 2728 629 2794 visi
656 2727 833 2805 fuerimus,
870 2742 937 2793 tum
971 2728 1089 2792 scilicet
1117 2746 1181 2792 non
1210 2733 1389 2811 aspemabi·

458 2864 549 2927 nutu,
580 2844 637 2911 sed
659 2842 827 2908 redibimus
858 2843 897 2907 ad
927 2843 998 2907 illos
1031 2841 1167 2920 hilares,
1190 2844 1246 2908 sed
1278 2860 1387 2910 eorunr

426 2990 429 2994 ·
459 2964 588 3030 inventa
619 2959 798 3044 diligentius
831 2959 1122 3039 considerabimus,
1159 2959 1286 3039 illisque
1315 2961 1390 3025 haec

457 3091 568 3146 nostra
595 3075 864 3159 comparabimus3
898 3074 927 3140 si
959 3075 1160 3159 praestabunt
1181 3075 1252 3158 illa,
1286 3078 1391 3144 lauda·

457 3194 584 3277 bimus,
606 3192 812 3274 accipiemus:
834 3210 904 3257 nam
922 3192 1076 3258 neminem
1101 3192 1242 3275 odimus,
1264 3194 1391 3263 minime

458 3313 597 3382 omnium
627 3311 700 3376 illos
728 3309 867 3391 scilicet,
895 3310 950 3390 qui
984 3309 1151 3394 sapientiae
1175 3325 1250 3376 suut
1274 3326 1306 3378 et
1327 3311 1393 3378 vir·

399 3470 403 3477 ·
455 3430 538 3500 tutis
568 3430 738 3508 doctores3
769 3426 818 3492 sin
838 3445 916 3493 vero
938 3445 1003 3492 non
1032 3423 1225 3494 videbuntur
1251 3444 1390 3513 praesta-

453 3566 519 3627 re,
553 3546 598 3611 illi
628 3544 703 3625 quid
731 3541 871 3624 faciant,
901 3543 963 3626 ipsi
993 3544 1167 3611 videbunt:
1191 3565 1252 3612 nos
1273 3543 1389 3630 speciei

458 3664 643 3743 veritatem,
670 3661 813 3747 opinioni
841 3660 1051 3745 praeferemus
1082 3661 1254 3728 scientiam.
1310 3661 1390 3725 Cae·

458 3795 562 3850 terum
589 3779 749 3846 scientiam
780 3797 863 3859 nos,
892 3777 919 3843 si
950 3796 1016 3842 non
1035 3789 1287 3854 consecuturos,
1306 3789 1390 3841 certe

376 3920 383 3944 ’
446 3897 637 3984 cujusmodi
660 3896 702 3962 sit
724 3909 928 3964 assecuturos
947 3911 1041 3971 esse,
1073 3891 1284 3972 confidimus,
1316 3909 1389 3975 spe-

388 4032 392 4043 ·
460 4034 565 4086 umus
597 4015 726 4081 saltem:
762 4029 854 4095 quam
881 4007 976 4075 nobis
1006 4025 1095 4091 spera
1127 4006 1181 4075 alit
1215 4007 1391 4077 considera

1341 4135 1386 4187 uo
