2992 5220
517 526 696 590 ...ςι-

141 702 275 772 peraret.
319 685 497 753 Declaravit
521 685 563 751 ita
588 701 682 770 apte,
715 683 973 768 quamadmodum
1001 682 1065 753 ani·

139 823 208 871 mus
239 802 368 870 insitum
399 802 460 869 sibi
486 803 553 869 veri
582 819 717 869 amorem
743 820 800 886 per
827 821 963 885 sensus,
991 816 1067 870 tam·

142 941 234 1002 quam
263 921 416 1003 nuncios,
442 935 598 1001 tamquam
625 919 816 1007 cognitionis
847 939 921 986 suae
950 921 1068 986 instru-

142 1052 265 1117 menta,
294 1039 419 1121 explere
447 1052 636 1117 conaretur,
659 1051 869 1103 verumtamen
898 1037 973 1102 hoc.
987 1056 1068 1103 non·

102 1163 105 1167 ’
140 1154 213 1218 dum
256 1152 441 1236 patefecerat
479 1151 674 1235 inquirenti,
712 1173 777 1234 quo
816 1154 938 1220 tandem
971 1155 1067 1220 modo

141 1272 201 1337 illa
229 1270 437 1353 percipiamus
468 1285 607 1350 mente,¹
643 1287 723 1351 quae
758 1269 814 1335 uni
844 1270 965 1351 menti,
1001 1288 1068 1348 nota

142 1386 287 1452 sensibus
305 1400 436 1468 patent,
458 1384 782 1468 pulcrum,b0num,
801 1386 946 1468 iustum,
968 1382 1069 1464 omnip

141 1521 208 1582 no,
230 1507 272 1572 rai
302 1505 396 1583 ὄντα,
429 1521 509 1584 quae
526 1522 589 1568 non
608 1519 677 1568 esse
705 1501 877 1582 ridentur,
899 1501 958 1568 sed-
982 1516 1067 1568 artua

142 1614 225 1684 Nam
252 1594 395 1700 quamvis
420 1619 463 1685 sit
488 1637 558 1686 acer
576 1618 702 1684 videndi
724 1638 842 1686 sensus
860 1619 943 1698 ille,
972 1637 1070 1700 qaan-

142 1732 261 1800 turnvis
283 1734 407 1801 accedat
435 1734 473 1800 ad
500 1752 535 1801 ea
557 1734 739 1816 sentienda,
772 1755 852 1817 quae
872 1723 1069 1819 menteper·¹

143 1850 325 1932 cipiantur,
346 1866 449 1917 tamen
479 1852 578 1919 cernit
602 1870 682 1932 quae
706 1851 873 1934 videntur,
906 1871 1069 1935 quaero·

146 1967 284 2050 girantur
318 1985 383 2032 non
421 1965 529 2050 potest
560 1985 699 2034 cernere.
753 1966 831 2054 Quo
855 1969 952 2052 magis
975 1968 1071 2053 igitur

145 2084 223 2148 hanc
252 2085 411 2168 propriam
439 2086 551 2152 mentis
580 2083 757 2151 facultatem
784 2086 968 2166 declararet,
990 2104 1071 2168 quo·

146 2219 209 2283 que
238 2202 330 2268 nobis
362 2201 539 2270 evidentius
564 2201 773 2285 patefaceret,
808 2202 888 2285 quid
916 2203 1069 2288 agendum

144 2318 339 2402 philosopho
371 2321 437 2399 sit,
480 2320 535 2400 qui
575 2320 735 2386 veritatem
780 2319 962 2400 adspicere,
1004 2330 1071 2385 non

147 2434 280 2515 imagine
303 2452 504 2514 expressam,
527 2436 723 2517 sedipsam,
745 2435 801 2499 sed
826 2435 993 2518 integram,
1016 2436 1072 2502 scd

147 2550 228 2632 puri
263 2548 296 2614 in
323 2550 394 2615 lnce
423 2551 635 2632 splendentem
669 2565 818 2634 cuperet,
852 2553 978 2617 oculum
1004 2548 1072 2620 'tna

147 2664 279 2730 muravit
299 2664 391 2730 animi
413 2664 569 2746 subinde,
597 2671 682 2750 daura
711 2678 765 2746 ria
790 2679 918 2754 ψυχῆς,
944 2655 1073 2739 sexee'n·

143 2780 185 2845 tis
217 2758 318 2846 oculis
351 2781 532 2864 potiorem,
566 2787 685 2869 quippe
714 2805 778 2865 quo
800 2805 864 2851 uno
896 2780 1071 2854 temeretur

147 2898 275 2963 veritas.
331 2898 425 2964 Hunc
456 2915 557 2965 arrtenr
594 2905 743 2983 orarium,
786 2904 899 2970 mentis
926 2908 1072 2989 ὄργανον,

112 3016 120 3060 ·'
147 3030 184 3079 ut
220 3015 426 3101 negligitura
456 3019 615 3100 plerisque
644 3035 674 3085 ct
698 3039 826 3095 coecum
859 3020 895 3085 fit
923 3041 957 3086 ac
990 3023 1096 3105 perit

146 3127 234 3211 fere,
258 3131 429 3212 disciplinis
442 3134 563 3199 monuit
583 3155 599 3199 a
616 3141 721 3202 teneri
743 3136 814 3201 inde
832 3150 960 3226 aetate,
973 3126 1073 3203 maxi-

146 3265 260 3326 meque
285 3248 507 3314 mathematicis
539 3265 570 3314 et
605 3252 770 3316 dialecticis
799 3253 1074 3334 disquisitionibus

146 3379 216 3426 cum
250 3362 460 3427 suscitandum
482 3383 553 3429 esse
578 3366 610 3430 in
629 3383 755 3449 mente,
778 3382 843 3431 tum
865 3370 1071 3451 purgandum.

149 3475 231 3541 Nam
255 3476 298 3540 sic
328 3477 451 3541 demum
481 3478 548 3544 fieri
574 3500 692 3562 posse,
715 3498 751 3546 ut
779 3484 864 3564 quod
896 3483 1076 3551 ardentissi-

150 3611 201 3658 me
230 3611 367 3658 amamus
403 3593 558 3677 uniceque
590 3599 733 3681 ampiecti
767 3613 868 3663 totum
904 3599 1075 3684 rupimus,

105 3758 109 3770 ι
154 3711 256 3794 ipsum
283 3711 354 3776 dico
372 3730 506 3795 verum,
530 3715 561 3779 id
580 3716 667 3798 quod
686 3730 747 3796 est,
771 3735 828 3782 nec
846 3716 933 3783 falsis
951 3737 1010 3784 nos
1028 3721 1078 3784 in·

150 3829 197 3893 dit
224 3828 516 3912 imaginibus,.hoc
539 3833 645 3917 igitur,
668 3834 841 3900 intueamur
870 3837 984 3918 piane,
1006 3857 1078 3904 cum

152 3962 254 4025 eoque
283 3947 448 4034 congressi
478 3967 543 4015 non
581 3949 657 4017 falsa
691 3967 722 4018 et
753 3952 877 4033 inania,
917 3954 973 4020 sed
1006 3973 1078 4022 vera

153 4055 332 4140 pariamus,
364 4080 445 4142 quae
466 4082 568 4131 veram
597 4068 769 4148 provehant
795 4070 920 4145 humani
954 4067 1077 4151 generis
