2992 5220
511 503 688 566 -ar-
753 560 756 566 ,

137 670 232 746 citer,
254 666 293 732 ab
322 665 429 729 adulto
451 679 552 731 tamen
573 680 605 729 et
625 665 764 730 omnium
783 666 983 731 velocissimo
1001 655 1074 733 vui

141 797 194 853 tus
224 800 334 863 esses,
374 781 477 847 minus
511 795 547 846 tu
579 782 664 846 hunc
692 780 821 850 diceres
840 800 915 849 vere
942 797 976 849 te
1003 785 1071 849 lau·

141 900 260 966 dasse‘i
300 937 345 953 -
375 899 470 964 Haud
500 899 657 993 equidem.
690 937 734 953 -
766 899 930 966 scientiam
969 892 1070 981 vero,

143 1036 237 1099 quam
272 1016 367 1080 modo
397 1015 589 1095 memoravi,
623 1014 786 1095 invenire,
819 1016 889 1081 leve
917 1018 1078 1099 quoddam>

143 1133 304 1218 negotium
328 1151 400 1198 esse
425 1146 543 1216 putas,
565 1150 631 1196 non
660 1129 854 1198 maximumi
876 1165 924 1188 ι·-
941 1134 1001 1198 Per
1021 1133 1079 1197 10,.

144 1269 214 1316 vem
232 1249 397 1331 equidem,
420 1264 452 1314 et
470 1267 548 1315 vero
567 1249 707 1316 omnium
724 1250 902 1316 maximum.
924 1288 969 1303 -
987 1250 1078 1317 eon:

145 1367 206 1434 fide
226 1367 324 1451 igitur
343 1365 466 1433 viribus
487 1367 571 1448 tuis,
590 1381 622 1433 et
640 1366 848 1433 Theodorum
866 1367 1008 1434 existima
1020 1385 1079 1434 ve·
1103 1452 1106 1464 Ι

144 1501 180 1550 re
197 1484 321 1566 dicere3
344 1483 485 1551 annitere
503 1497 605 1550 autem
627 1484 713 1549 omni
735 1485 840 1550 studio
862 1503 935 1550 cum
953 1485 992 1550 de
1009 1488 1079 1560 cael

147 1601 247 1685 teris,
268 1614 336 1666 tum
367 1601 459 1668 etiam
485 1601 523 1666 de
543 1602 610 1684 ipsa
629 1601 780 1681 scientia,
803 1600 984 1683 rationem,
1000 1600 1077 1682 quid

101 1747 103 1754 ·
148 1719 214 1799 sit,
237 1720 399 1800 consequi.
429 1757 474 1772 ·-
504 1719 537 1784 Si
556 1719 698 1784 studium
716 1719 843 1803 agitur,
864 1737 886 1782 o
908 1717 1077 1799 Socrates,

94 1816 96 1821 ¹
150 1835 269 1919 patebit
297 1834 457 1917 profecto.
486 1869 533 1887 ·-
562 1836 632 1919 Age
659 1834 775 1920 igitur:
809 1837 919 1919 pulcre
944 1835 1080 1918 coepisti

151 1953 255 2034 enim,
285 1936 323 2018 da
346 1970 491 2035 operam,
520 1967 575 2030 ut,
599 1951 858 2032 quemadmodum
884 1955 1080 2034 potestates,

153 2088 233 2152 quae
263 2072 378 2136 multae
406 2059 503 2150 su'nt,
542 2088 604 2134 una
643 2069 749 2151 specie
789 2061 1081 2152 comprehendisti,

153 2204 261 2268 nune,
294 2187 494 2271 temetipsum
519 2185 666 2268 imitans,
696 2186 842 2253 scientias
876 2188 991 2271 pariter
1019 2204 1083 2252 una

154 2305 338 2372 definitione
365 2307 584 2388 complectare.
630 2303 756 2389 Quibus
780 2303 925 2368 verbisa
956 2303 1086 2371 Socrate

155 2421 319 2501 monitus,
341 2439 425 2484 nunc
455 2420 586 2483 maxime
610 2419 804 2482 Theaetetus
826 2437 892 2482 non
911 2418 1084 2486 doctrinam

157 2555 268 2615 suam,
300 2535 355 2601 sed
380 2533 544 2617 proprium
571 2532 633 2597 sibi
663 2533 822 2597 doctrinae
844 2533 982 2598 studium
1000 2551 1086 2601 amo·

156 2671 286 2734 remque
306 2652 424 2735 prodit.
469 2650 558 2716 Scito
580 2668 679 2730 vere,
713 2649 836 2732 inquit,
869 2669 889 2715 o
919 2637 1085 2719 Socratesi

155 2786 380 2853 saepenumero
399 2766 477 2832 illud
495 2765 637 2847 equidem
654 2765 832 2849 perspicere
847 2779 980 2832 conatus
1001 2751 1086 2848 sum,

157 2905 260 2970 quum
287 2885 343 2950 has
372 2905 390 2949 a
420 2897 451 2950 te
472 2884 595 2949 institui
625 2885 824 2966 quaestiones
847 2885 1009 2969 audircm3
1032 2868 1088 2954 vess

159 3017 332 3071 utmtamen
366 3020 423 3066 nec
456 3002 526 3086 ipse
555 3000 630 3066 mihi
664 3001 755 3084 potui
789 3004 998 3085 persuadere,
1039 3011 1091 3072 me

159 3135 246 3186 recte
264 3120 303 3186 ad
322 3138 373 3184 eas
396 3120 606 3202 respondere,
628 3138 686 3187 nec
712 3120 750 3184 ab
774 3120 835 3186 aiio
854 3122 930 3188 mihi
950 3123 1091 3208 accipere

160 3239 274 3319 licuit,
318 3238 373 3320 qui
401 3238 472 3318 sic,
504 3252 539 3301 ut
566 3255 609 3302 tu·
628 3239 744 3320 jubes,
776 3241 998 3322 responderem
1032 3243 1089 3309 nee

159 3375 240 3422 vero
271 3371 370 3421 tamen
398 3373 417 3418 a
439 3373 496 3436 spe
511 3336 609 3436 ¹potui
631 3356 798 3434 decedere,
839 3356 928 3438 fore,
955 3360 1091 3426 utillud

164 3488 360 3554 assequerer.
385 3469 416 3515 ‘¹³
450 3469 535 3535 Turn
570 3487 645 3535 vero
675 3472 837 3554 Socrates,
860 3474 995 3541 animum
1018 3477 1096 3542 ado‘·¹

1034 3596 1097 3664 ies'-

204 3758 307 3836 (1)οὐ
337 3770 388 3836 μὲν
418 3762 452 3831 δὴ
480 3760 519 3823 αὖ
548 3758 607 3823 οὐδ’
638 3765 849 3841 ἀπαλλαγῆναι
880 3773 933 3831 τοῦ
959 3772 1093 3844 μέλλειν.

168 3874 234 3926 Fuit
260 3893 320 3928 cum
338 3883 467 3928 tentarem
488 3878 541 3934 τοῦ
562 3880 698 3949 μελετᾶν.
741 3877 868 3932 Ficinus:
899 3883 1032 3941 desistere
1058 3886 1094 3943 ab

170 3973 224 4024 Irae
241 3979 431 4030 meditatione·
475 3975 531 4031 Sed
548 3979 733 4048 exquisitioris
750 3986 791 4032 est
806 3980 877 4049 apud
895 3980 1015 4036 Graecos
1034 4001 1095 4037 utus

169 4076 307 4148 μέλλειν,
326 4099 406 4149 quam
418 4087 447 4134 ut
456 4086 559 4132 mutare
570 4078 718 4152 quidquam
727 4080 820 4134 ausim.
840 4079 874 4135 V.
887 4081 1026 4136 Μηλιᾶ
1036 4079 1063 4133 Ιι.
1074 4081 1095 4141 Ι.
