2992 5220
664 497 846 595 -sse

284 652 450 729 Theodori
466 679 537 726 curn
563 659 737 751 ssheaeteto
762 677 944 737 sennones3
971 656 1015 721 sic
1041 672 1142 723 autern
1175 679 1221 725 re·

283 779 415 859 dimus,
454 793 492 843 ut
521 776 581 844 rite
605 797 688 843 nunc
719 776 865 844 instructi
891 775 1051 858 paratique
1081 804 1218 857 μαιευτι.

281 899 339 974 acia
362 894 573 975 Socraticam,
615 915 707 977 quam
730 911 796 960 tum
828 907 891 959 erat
922 892 1065 958 Socrates
1085 893 1215 957 traditu-

285 1030 365 1092 rus,
405 1029 489 1076 nunc
520 1011 680 1095 possimus
709 1010 839 1076 interius
869 1009 1056 1091 perspicere.
1108 1009 1210 1088 Nam,

284 1148 324 1195 ne
351 1130 424 1195 haec
447 1142 513 1194 tota
532 1147 592 1194 nos
609 1130 758 1208 lateret,.-
772 1140 915 1191 constare
936 1124 1070 1203 debebatx
1088 1125 1126 1189 de
1157 1143 1212 1189 na·

284 1249 356 1311 utra
386 1245 480 1311 animi
510 1245 623 1310 nostri.
670 1243 736 1328 Qui
766 1260 840 1306 sane
864 1243 912 1321 si,
946 1255 983 1306 ut
1011 1241 1119 1308 multis
1145 1242 1211 1323 pla-

278 1361 371 1440 cuit,
393 1379 512 1426 vacuus
541 1375 627 1425 esset
646 1360 735 1442 ipse,
778 1358 970 1424 extrinsecus
1004 1372 1108 1423 autem
1149 1376 1206 1439 per

280 1493 417 1555 sensus,
440 1490 594 1558 tamquam
616 1474 836 1555 infundibula,
867 1494 974 1540 omnes
996 1474 1134 1540 omnium
1162 1492 1210 1540 re·

281 1611 349 1657 rum
375 1591 522 1658 notiones
549 1592 726 1675 acciperet,
752 1591 975 1674 Sophistarum
1006 1592 1208 1676 probaremus

280 1708 384 1773 studia
395 1755 408 1789 ,
421 1708 476 1790 qui
495 1707 558 1791 ipsi
575 1709 746 1774 doctrinam
757 1709 946 1793 injuvenum
966 1710 1085 1775 animos
1103 1709 1209 1774 infun·

280 1824 354 1891 dere
378 1825 630 1907 pollicebantur,
654 1827 789 1892 Socratis
803 1846 880 1892 vero
901 1825 1118 1910 disciplinam,
1140 1845 1205 1892 non

280 1938 351 2005 dico
375 1958 440 2003 non
466 1940 597 2021 probare
618 1953 671 2004 aut
702 1940 866 2019 admirari,
888 1942 945 2004 sed
964 1958 1005 2006 ne
1033 1938 1206 2023 intelligere
1263 1936 1267 1945 “

280 2057 406 2138 quidem
435 2075 614 2138 possemus.
657 2056 756 2120 Nunc
780 2074 840 2120 nos
868 2054 1029 2120 Socratem
1050 2067 1081 2119 et
1102 2055 1205 2119 Plato·

275 2191 347 2239 nem
367 2173 490 2253 secuti,
513 2172 600 2238 aliter
621 2173 659 2238 de
677 2175 781 2238 animo
816 2187 926 2237 nostro
956 2172 1131 2239 existimare
1158 2172 1205 2238 di·

277 2290 430 2370 dicimus,
470 2308 535 2354 non
559 2290 707 2354 rabulam
736 2290 823 2354 ilium
856 2311 964 2355 rasam
993 2308 1085 2369 esse,
1122 2291 1202 2369 sed,

276 2405 342 2488 agri
373 2405 494 2484 instar,
528 2409 638 2469 naturd
664 2405 790 2468 uberem
815 2418 847 2467 et
886 2403 1096 2468 foecundum:
1139 2408 1206 2485 ple·

277 2537 353 2584 num
377 2520 458 2585 enirn
482 2537 553 2584 esse
577 2519 701 2600 pulcri,
732 2517 833 2597 boni,
861 2519 963 2604 justi,
997 2520 1096 2602 ipsius
1127 2521 1209 2586 veri·

277 2635 350 2701 tatis
378 2635 447 2701 sive
479 2634 745 2715 reminiscendis,
787 2636 854 2702 sive
887 2635 1104 2717 notionibus,
1136 2638 1203 2703 sive

174 2824 178 2831 ,
274 2751 420 2817 sensibus
450 2751 638 2834 studiisque.
684 2753 729 2818 Et
759 2751 903 2836 profecto
932 2752 1002 2818 talis
1039 2770 1089 2820 est
1115 2775 1205 2838 pror-

199 2850 202 2859 ’
276 2889 356 2950 sus,
379 2887 473 2950 quem
498 2869 586 2935 Plato
607 2868 699 2934 nobis
732 2860 935 2952 spectandum
955 2869 1060 2951 dedit,
1084 2871 1207 2936 Theae-

277 3001 383 3067 tetus,
405 2985 563 3052 foecundo
585 2986 710 3070 ingenio
732 2989 935 3068 adolescens,
959 3002 993 3051 ut
1015 2987 1205 3070 perspiceret

275 3105 438 3187 Socrates,
460 3104 599 3171 veritatis
622 3105 710 3170 illum
727 3124 831 3170 amore
851 3105 1007 3170 ardentem
1028 3105 1125 3169 multa
1147 3104 1206 3168 du·
1256 3136 1258 3141 ·

273 3220 348 3286 dum
377 3222 480 3288 animo
500 3203 687 3304 concepisse
698 3224 823 3306 jamque
848 3241 956 3305 parere
982 3222 1107 3305 gestire.
1131 3222 1203 3285 Nos

275 3354 375 3416 vero,
409 3339 465 3419 qui
493 3339 702 3418 spectavimus
725 3357 879 3418 puerum,
903 3337 1012 3416 quidni
1028 3316 1202 3414 fateamur,

273 3451 335 3516 nisi
366 3451 491 3531 eidem,
523 3470 594 3517 corn
620 3453 684 3517 veri
716 3470 843 3532 amore,
876 3456 999 3535 ὄργανον
1026 3451 1103 3515 illud
1137 3449 1205 3516 sive

274 3568 406 3635 facultas
434 3567 551 3633 inesset
580 3567 644 3633 veri
663 3566 816 3658 inurendi
847 3566 1101 3647 quodammodo,
1133 3585 1207 3648 pro·

275 3705 400 3772 gressus
418 3687 487 3770 ejus
510 3685 542 3750 in
569 3685 663 3751 rebus
688 3684 884 3769 geometricis
910 3701 967 3748 nec
995 3682 1202 3749 Theodorum

275 3804 449 3887 praedicare
467 3822 524 3868 nec
542 3803 646 3886 ipsum
668 3802 802 3886 probare
821 3798 992 3885 potuisse?
1015 3800 1076 3865 Sed
1094 3799 1133 3866 ad
1155 3800 1208 3883 ip·

279 3938 333 3985 sos
353 3939 513 3986 sermones
541 3921 724 3987 accedamus
745 3919 861 3985 denuo.
1262 3900 1263 3904 ¹

319 4030 626 4119 Theaetetus,quid
644 4035 731 4104 istud
741 4033 946 4119 esset,quod
958 4035 1102 4103 Socrates
1122 4031 1207 4101 dixe·
1252 4021 1256 4029 ’

1134 4159 1203 4212 rata
