2992 5220
800 480 997 527 -102-

425 641 659 728 philosophiam
689 638 871 717 invehitur,
914 653 950 704 ot
979 657 1045 704 tem
1083 639 1190 704 utilem
1227 639 1359 722 pueris,

426 759 487 824 aed
519 755 594 822 viris
627 756 680 837 qui
714 774 764 819 res
804 755 904 819 acturi
942 755 974 818 in
1004 753 1127 820 civitate
1165 756 1363 837 gravissimas

430 882 532 953 sunt,
555 891 628 938 eum
658 871 797 937 inutilem
826 890 958 953 prorsus
981 886 1048 936 tum
1070 871 1257 938 indecoram.
1302 872 1367 937 Ve⁸

433 1006 527 1056 nusta
560 1006 611 1054 res
642 987 846 1070 philosophia
874 1002 943 1067 est,
987 1006 1007 1051 o
1040 987 1206 1069 Socrates,
1239 988 1306 1067 ait,
1338 987 1366 1054 si

437 1106 509 1189 quis
527 1125 593 1171 eam
612 1104 734 1169 modice
751 1104 782 1167 in
799 1102 865 1185 ipsa
888 1103 1093 1170 adolescentia
1110 1116 1241 1185 tractat3
1265 1105 1368 1185 quod·

434 1220 464 1287 si
484 1220 609 1285 diutius
638 1219 670 1283 in
699 1235 756 1293 ea,
801 1238 892 1298 quam
930 1236 1059 1284 necesse
1087 1235 1153 1300 est,
1201 1236 1368 1302 versatur,

432 1335 599 1403 hominum
630 1348 678 1400 est
704 1333 857 1416 pernicies
879 1334 924 1400 (¹).
968 1335 1051 1400 Nam
1074 1337 1215 1418 quamvis
1234 1337 1276 1401 sit
1297 1339 1369 1417 quis

433 1453 526 1519 hono
558 1453 668 1518 uaturl
696 1448 823 1534 ingenio
861 1451 1044 1534 praeditus,
1086 1467 1212 1532 tamen,
1251 1452 1280 1519 si
1310 1472 1369 1536 pet

413 1642 415 1651 Ι
439 1568 667 1652 provectiorem
697 1567 787 1632 etiam
816 1579 944 1632 aetatem
975 1559 1241 1650 philosophatur,
1262 1586 1370 1634 neces·-

440 1686 521 1752 sario
551 1685 689 1749 omnium
717 1701 818 1749 rerum
843 1683 995 1767 inperitus
1029 1682 1108 1765 fiet,
1130 1702 1262 1766 quarum
1290 1683 1371 1767 peri·

441 1796 508 1867 tum
530 1818 601 1866 esse
631 1815 756 1882 oportet
776 1801 898 1882 virum,
921 1801 975 1882 qui
1002 1801 1142 1866 moribus
1168 1801 1324 1867 honestus
1340 1817 1372 1867 et

440 1917 541 1984 clarus
567 1917 748 1983 incivitate
773 1918 844 1983 erit.
901 1918 982 1984 Nam
1014 1935 1045 1983 et
1073 1919 1175 2002 legum
1197 1917 1243 1982 illi
1274 1918 1374 2004 ignati

368 2030 371 2041 ’
442 2049 519 2101 sunt
546 2034 757 2116 reipublicae,
801 2049 833 2100 et
871 2052 1072 2112 strutionum,
1117 2034 1233 2115 qulbus
1267 2035 1313 2099 uti
1340 2036 1372 2100 iu

443 2151 672 2218 consuetudine
700 2149 859 2239 hominum
882 2150 1013 2243 ¹publice
1033 2150 1242 2232 privatimque
1263 2151 1373 2230 decet,

443 2281 478 2333 et
505 2285 581 2332 vero
610 2265 815 2349 cupiditatum
854 2266 1138 2348 voluptatumque,
1172 2266 1286 2347 quibus
1315 2282 1376 2330 tra-
1473 2347 1476 2356 .

446 2386 566 2452 huntur
594 2384 755 2463 homines,
778 2381 899 2462 verbo,
930 2402 1052 2447 morum
1082 2382 1138 2463 qui
1167 2383 1199 2447 in
1224 2382 1291 2449 aliis
1320 2384 1378 2448 ho-

448 2501 586 2568 minibus
611 2501 662 2566 alii
683 2514 781 2578 sunt,
807 2517 838 2565 et
867 2499 1083 2583 ingeniorum:
1108 2501 1220 2567 horum
1239 2501 1378 2564 omnium

399 2636 401 2640 ·
448 2638 580 2704 prorsus
602 2633 676 2683 sunt
699 2617 807 2700 ignari.
851 2617 1006 2703 Quocirca
1034 2617 1160 2698 quoties
1189 2619 1227 2682 ad
1245 2616 1377 2699 aliquam

449 2752 514 2800 rem
550 2734 712 2816 gerendam
739 2733 805 2798 sive
831 2733 987 2816 publicam
1026 2734 1093 2799 sive
1126 2732 1280 2817 privatam
1307 2752 1380 2816 pro-

451 2850 592 2930 cedunt,
615 2849 739 2913 ridiculi
762 2864 859 2929 sunt,
881 2851 928 2914 uti
951 2866 982 2916 et
1000 2851 1121 2934 politici
1145 2865 1245 2928 sunt,
1266 2850 1380 2930 credo,

452 2988 551 3049 quum
590 2966 622 3031 in
658 2979 776 3030 vestms
812 2967 1040 3049 disputationes
1080 2967 1382 3048 exercitationesque

452 3084 658 3147 descendunt.
682 3117 728 3135 -
748 3083 811 3148 Sed
832 3084 984 3165 optimum
1004 3102 1074 3150 esse
1093 3098 1193 3165 puro,
1216 3083 1383 3163 utriusque

451 3217 522 3264 esse
549 3196 750 3281 participem:
774 3199 993 3281 philosophiae
1024 3198 1173 3281 quidem,
1204 3196 1386 3279 disciplinae

382 3396 385 3401 Ι
452 3319 582 3394 eaussl,
604 3332 662 3379 nec
682 3334 755 3381 sane
786 3314 1024 3384 adolescentem
1047 3316 1263 3400 philosophari
1292 3316 1385 3381 dedu

452 3449 525 3499 cet:
555 3433 669 3513 quodsi
700 3432 772 3515 quis
806 3449 905 3500 aetate
933 3437 995 3518 jam
1028 3435 1209 3517 provectior
1244 3434 1388 3516 philoso-

454 3551 602 3633 phatur,
656 3551 816 3616 ridiculum
857 3554 888 3617 id
934 3571 1066 3634 prorsus
1112 3551 1273 3635 negotium
1323 3562 1385 3613 est.

456 3662 528 3747 Ego
557 3678 611 3745 tc,
633 3683 653 3727 ο
680 3668 847 3749 Socrates,
869 3666 1080 3731 benivolentill
1111 3681 1143 3730 et
1161 3665 1296 3729 amicitia
1313 3681 1388 3744 pro·

1339 3795 1389 3842 se·

490 3937 531 4004 (ι)
550 3936 684 3987 Convenit
708 3939 793 3991 Attici
811 3937 880 4005 apud
897 3934 1030 4001 Nepotem
1043 3932 1164 3985 dictum:
1182 3932 1389 4004 philosophan-

453 4034 518 4090 dnm
532 4037 633 4109 paucio
644 4055 653 4086 :
670 4053 735 4088 nam
755 4041 864 4090 vinomo
885 4052 941 4088 nou
956 4033 1065 4104 placet.
