2992 5220
683 863 1102 912 u1nulcculcn.

436 1154 439 1159 -
470 1107 532 1176 Est
552 1104 710 1177 sirmam
736 1105 820 1189 apud
847 1105 1032 1190 Platonem,
1055 1120 1091 1173 ut
1108 1106 1277 1192 aliquoties
1294 1107 1391 1191 iam,-

426 1221 692 1304 memoavimus,
740 1223 888 1307 princeps
922 1223 1156 1308 disciplinarum
1194 1224 1358 1291 omnium:

426 1340 478 1406 iex
504 1358 576 1421 est,
598 1342 689 1425 cujus
714 1355 851 1415 caetmue
876 1341 966 1420 quasi
990 1341 1153 1425 prooemia
1177 1355 1271 1407 sunta
1294 1341 1359 1406 imo

426 1475 528 1540 vero,
558 1457 645 1540 quod
669 1456 782 1522 deiude
812 1455 1012 1537 videbimus,
1032 1474 1087 1526 ars
1118 1458 1203 1540 apud
1223 1473 1295 1522 eum
1310 1471 1362 1522 est

427 1575 694 1658 etaepimentum
714 1570 938 1639 doctrinarum.
979 1571 1074 1658 Quae
1101 1573 1361 1656 quemadmodum

427 1689 607 1770 accipienda
631 1686 719 1777 siut,
749 1687 852 1772 patuit
873 1690 935 1775 jam
963 1690 1058 1757 nobis
1083 1690 1314 1775 quodammodo
1342 1708 1364 1756 e

428 1804 522 1873 dictis
551 1803 689 1872 Socratis
712 1805 745 1872 iu
764 1804 854 1878 libris
872 1805 913 1873 de
932 1806 1131 1892 Republiea3
1153 1825 1261 1875 vnum
1282 1808 1363 1873 mui-

430 1935 499 1991 tum
525 1920 638 2006 abest,
667 1930 744 2005 ut,'
761 1940 843 2004 quae
872 1923 969 2010 hujus
998 1925 1041 1992 sit
1074 1909 1256 2009 disciplinae
1290 1923 1364 2005 vis,

430 2038 631 2121 amplitudo,
653 2037 807 2121 ubertas,
833 2038 1092 2108 declaraverimus
1122 2041 1213 2108 satis.
1271 2039 1364 2108 Duce

429 2155 562 2222 Platone
600 2155 765 2227 incidimus
792 2154 827 2222 iu
865 2155 1044 2228 dialecticae
1078 2172 1199 2245 partes.
1224 2174 1362 2224 summas

430 2275 591 2359 longeque
615 2272 837 2353 difficillimas,
859 2272 957 2356 ipsam
987 2292 1068 2340 vero
1093 2271 1150 2340 uix
1174 2272 1387 2359 attigimusp

432 2389 510 2474 quid
537 2388 659 2456 efficere
687 2389 819 2457 maxime
844 2387 978 2472 debeat,
1011 2387 1170 2472 vidimus,
1201 2389 1259 2456 sed
1282 2406 1365 2473 quae

431 2510 500 2593 ejus
522 2505 601 2589 ratio
625 2505 669 2573 sit
698 2517 731 2570 et
754 2505 959 2592 progressio,
979 2504 1161 2592 ignoramus
1181 2505 1295 2573 adhuc.
1325 2503 1362 2573 Si

429 2643 497 2709 qua
522 2639 600 2688 vero
627 2619 791 2703 disciplina
816 2636 895 2709 est,
921 2624 1014 2709 cujus
1043 2622 1094 2690 via
1122 2636 1155 2690 et
1183 2622 1262 2689 ratio
1292 2636 1365 2706 apte

433 2738 611 2820 ordineque
626 2750 659 2805 et
679 2736 720 2806 ab
740 2737 832 2805 initio
852 2740 1044 2824 exquirenda
1062 2740 1231 2821 videatur,
1252 2738 1368 2806 dulos·

430 2855 496 2928 nica
525 2866 599 2936 est,
642 2854 763 2941 quippe
789 2873 872 2938 quae
897 2868 930 2920 et
955 2853 1178 2922 mathematicis
1209 2869 1241 2921 et
1268 2854 1364 2922 uuilis

431 2993 498 3043 nou
525 2972 699 3058 disciplinis
717 2971 803 3042 uiam
824 2984 857 3040 et
875 2970 1029 3038 rationem
1051 2969 1259 3054 praescribite
1281 2971 1367 3040 uude

433 3092 545 3161 merito
574 3108 649 3159 saue
674 3109 693 3158 a
722 3085 950 3158 rocmuonuus
988 3086 1221 3172 disciplinarum
1260 3088 1368 3175 regina

434 3223 544 3275 uocatu
572 3220 634 3272 est.
677 3204 723 3270 Et
744 3221 822 3274 vern
848 3204 959 3286 Plato,
986 3205 1170 3289 priusquam
1198 3204 1239 3273 de
1266 3209 1306 3275 ei
1332 3205 1367 3274 in

432 3325 497 3400 hoc
516 3321 557 3387 de
582 3319 760 3402 Republica
780 3337 877 3403 opere
901 3335 1031 3407 ageret,
1072 3321 1107 3388 lu
1135 3321 1277 3390 Phaedro
1301 3323 1367 3404 jam

399 3436 667 3526 ‚praecipueque
700 3433 735 3504 iu
771 3435 922 3522 Sophiste
951 3451 985 3506 et
1013 3436 1149 3507 Politico
1171 3451 1270 3505 totam
1296 3436 1367 3520 cius

434 3555 589 3645 rationein
615 3553 833 3623 declaraverat.
886 3554 1006 3624 iccirco
1031 3551 1205 3621 accuratius
1227 3550 1369 3637 prmius·

437 3671 638 3753 quemuis,
672 3688 731 3738 nec
759 3670 905 3756 profecto
931 3689 972 3739 ex
997 3672 1061 3736 huc
1091 3685 1155 3735 uno
1181 3668 1368 3755 philosophi

436 3809 531 3875 opere
553 3807 603 3856 res
634 3788 819 3872 exponenda
846 3785 991 3854 videtur:
1014 3783 1098 3850 haud
1114 3785 1248 3855 sufficiet
1265 3788 1365 3870 adeo,

435 3912 474 3976 de
504 3927 569 3973 uno
600 3892 704 3988 egisse
733 3903 875 3972 Platone.
925 3901 1151 3970 Praemittenda
1186 3904 1368 3988 disquisitio

438 4041 510 4106 est,
535 4021 610 4105 quid
629 4019 773 4103 Socratas
795 4019 903 4088 fecerit
920 4020 977 4110 hac
1001 4017 1034 4088 in
1058 4040 1112 4107 re,
1135 4023 1274 4109 quidque
1302 4022 1372 4090 Pla-

1299 4133 1369 4209 toni
