2992 5220
790 562 846 580 ··-
869 524 931 591 162
951 563 997 578 -

421 710 523 787 ratio,
556 725 620 774 non
643 710 816 790 jucundum
848 709 881 772 id
910 723 1032 775 tantum
1069 726 1142 786 est,
1174 709 1231 783 sud

419 824 463 890 sit
491 825 541 889 vei
567 823 664 899 hebes
689 825 825 889 adhaec
851 825 955 890 studia
984 844 1113 891 necesse
1140 840 1214 905 est,
1236 845 1259 907 q

420 959 490 1005 cum
520 941 650 1006 Platone
673 955 705 1004 et
730 959 770 1006 ex
793 942 924 1008 Platone
953 942 1172 1025 inquirendis,
1192 956 1264 1011 atta

422 1058 527 1139 doque
558 1056 591 1122 in
615 1056 656 1122 iis
684 1060 753 1123 neri
778 1078 905 1137 antone,
925 1064 927 1069 '
949 1057 1018 1141 ipse
1050 1059 1110 1123 hoc
1151 1074 1259 1129 amore

421 1171 589 1238 incalescat
613 1172 778 1237 continuo·
814 1173 904 1256 Age,
928 1192 1153 1256 persequamur
1174 1190 1236 1245 noa
1262 1248 1265 1254 ,

422 1293 499 1356 hanc
527 1290 607 1355 viam
634 1303 787 1357 nostram.
844 1289 1018 1357 Tendimus
1050 1291 1082 1355 in
1112 1290 1263 1357 mundum

419 1404 495 1487 ain,
518 1406 550 1471 in
576 1425 642 1487 quo
670 1408 775 1487 lucet,
797 1425 859 1471 una
887 1426 960 1472 cum
988 1407 1066 1473 ideis
1094 1406 1261 1487 omnibus,

420 1522 552 1588 veritas:
577 1523 639 1589 huc
666 1536 768 1591 autent
792 1543 857 1606 quo
883 1522 1005 1591 facilius
1036 1525 1220 1607 certiusque
1243 1543 1259 1609 J

422 1638 566 1719 niamus,
588 1637 767 1720 disciplinas
781 1658 1002 1717 quaeramus,
1026 1658 1157 1721 quarum
1180 1655 1243 1720 ope

421 1773 473 1821 ute
504 1773 544 1819 ex
571 1754 630 1819 hac
658 1752 799 1819 inscitiae
830 1770 1033 1834 errorumque
1066 1753 1140 1818 sede
1165 1752 1199 1820 in
1224 1768 1252 1821 u

421 1870 501 1935 illud
524 1869 664 1936 veritatis
692 1869 905 1937 escendamus.
950 1869 1033 1934 Nam
1063 1869 1136 1936 huic
1164 1867 1256 1939 insin

423 1986 474 2053 bis
496 1982 720 2074 philosophiae
737 2000 774 2051 ut
801 1982 1048 2066 satisfaciamus,
1080 2000 1118 2050 nt
1149 1984 1235 2067 quod

424 2103 521 2177 timus
540 2108 674 2185 natura,
695 2120 922 2184 assequamur,
945 2102 1111 2186 erigendus
1129 2101 1250 2169 animus

423 2222 654 2287 convertendus
678 2234 767 2284 totus
794 2217 987 2303 penitusque
1009 2235 1059 2283 est
1080 2235 1098 2280 a
1118 2214 1214 2285 rebus
1240 2214 1259 2283 i

416 2337 515 2403 ,certis
541 2350 574 2402 et
599 2335 761 2403 fallacibus
791 2335 830 2401 ad
858 2352 893 2400 ea
925 2350 1005 2415 quac
1040 2350 1112 2397 vera
1140 2346 1216 2399 sunt
1243 2350 1252 2397 t

423 2453 596 2522 mutabilia.
653 2454 725 2523 noc
751 2467 854 2522 autem
884 2453 989 2536 ipsun
1020 2448 1252 2533 disciplinatum

428 2587 487 2640 uns
516 2584 575 2637 est.
