<?xml version="1.0" encoding="UTF-8"?>
<!DOCTYPE html PUBLIC "-//W3C//DTD XHTML 1.0 Transitional//EN"
    "http://www.w3.org/TR/xhtml1/DTD/xhtml1-transitional.dtd">
<html xmlns="http://www.w3.org/1999/xhtml" xml:lang="en" lang="en">
 <head>
  <title>
</title>
<meta http-equiv="Content-Type" content="text/html;charset=utf-8" />
  <meta name='ocr-system' content='tesseract 3.04.00' />
  <meta name='ocr-capabilities' content='ocr_page ocr_carea ocr_par ocr_line ocrx_word'/>
</head>
<body>
  <div class='ocr_page' id='page_1' title='image "./initiaphilosoph01heusgoog_0139.png"; bbox 0 0 2992 5220; ppageno 0'>
   <div class='ocr_carea' id='block_1_1' title="bbox 821 439 1014 482">
    <p class='ocr_par' dir='ltr' id='par_1_1' title="bbox 821 439 1014 482">
     <span class='ocr_line' id='line_1_1' title="bbox 821 439 1014 482; baseline -0.01 1"><span class='ocrx_word' id='word_1_1' title='bbox 821 439 1014 482; x_wconf 86' lang='lat'>-112-</span> 
     </span>
    </p>
   </div>
   <div class='ocr_carea' id='block_1_2' title="bbox 440 598 1381 3030">
    <p class='ocr_par' dir='ltr' id='par_1_2' title="bbox 440 598 1381 3030">
     <span class='ocr_line' id='line_1_2' title="bbox 451 598 1374 686; baseline 0.002 -16"><span class='ocrx_word' id='word_1_2' title='bbox 451 617 485 670; x_wconf 86' lang='lat' dir='ltr'>et</span> <span class='ocrx_word' id='word_1_3' title='bbox 505 600 626 686; x_wconf 83' lang='lat' dir='ltr'>justitil</span> <span class='ocrx_word' id='word_1_4' title='bbox 641 599 744 665; x_wconf 88' lang='lat' dir='ltr'>dicere</span> <span class='ocrx_word' id='word_1_5' title='bbox 775 600 958 666; x_wconf 76' lang='lat' dir='ltr'><strong>sustineret.</strong></span> <span class='ocrx_word' id='word_1_6' title='bbox 1002 598 1070 663; x_wconf 81' lang='lat' dir='ltr'>Hrc</span> <span class='ocrx_word' id='word_1_7' title='bbox 1095 602 1189 666; x_wconf 91' lang='lat' dir='ltr'>nobis</span> <span class='ocrx_word' id='word_1_8' title='bbox 1218 605 1374 672; x_wconf 78' lang='lat' dir='ltr'>Socratem</span> 
     </span>
     <span class='ocr_line' id='line_1_3' title="bbox 450 714 1381 802; baseline 0 -18"><span class='ocrx_word' id='word_1_9' title='bbox 450 732 589 784; x_wconf 87' lang='lat' dir='ltr'>utentem</span> <span class='ocrx_word' id='word_1_10' title='bbox 619 716 788 801; x_wconf 83' lang='lat' dir='ltr'>proposuit</span> <span class='ocrx_word' id='word_1_11' title='bbox 823 718 936 796; x_wconf 76' lang='lat' dir='ltr'>Pluto,</span> <span class='ocrx_word' id='word_1_12' title='bbox 968 731 1004 781; x_wconf 90' lang='lat' dir='ltr'>ut</span> <span class='ocrx_word' id='word_1_13' title='bbox 1035 714 1171 783; x_wconf 68' lang='lat' dir='ltr'>uidimus</span> <span class='ocrx_word' id='word_1_14' title='bbox 1205 738 1325 802; x_wconf 81' lang='lat' dir='ltr'>supra,</span> <span class='ocrx_word' id='word_1_15' title='bbox 1345 720 1381 765; x_wconf 72' lang='lat'>(¹³</span> 
     </span>
     <span class='ocr_line' id='line_1_4' title="bbox 449 833 1377 918; baseline 0.003 -17"><span class='ocrx_word' id='word_1_16' title='bbox 449 855 549 917; x_wconf 88' lang='lat' dir='ltr'>quum</span> <span class='ocrx_word' id='word_1_17' title='bbox 582 854 642 918; x_wconf 91' lang='lat' dir='ltr'>pro</span> <span class='ocrx_word' id='word_1_18' title='bbox 670 833 830 918; x_wconf 86' lang='lat' dir='ltr'>judicibus</span> <span class='ocrx_word' id='word_1_19' title='bbox 858 833 995 900; x_wconf 81' lang='lat' dir='ltr'>diceret:</span> <span class='ocrx_word' id='word_1_20' title='bbox 1028 837 1219 918; x_wconf 81' lang='lat' dir='ltr'>eundemque</span> <span class='ocrx_word' id='word_1_21' title='bbox 1243 839 1377 904; x_wconf 85' lang='lat' dir='ltr'>eundem</span> 
     </span>
     <span class='ocr_line' id='line_1_5' title="bbox 447 951 1377 1037; baseline 0 -19"><span class='ocrx_word' id='word_1_22' title='bbox 447 951 481 1018; x_wconf 88' lang='lat' dir='ltr'>in</span> <span class='ocrx_word' id='word_1_23' title='bbox 512 952 633 1036; x_wconf 82' lang='lat' dir='ltr'>Gorgia</span> <span class='ocrx_word' id='word_1_24' title='bbox 667 952 727 1017; x_wconf 91' lang='lat' dir='ltr'>hoc</span> <span class='ocrx_word' id='word_1_25' title='bbox 758 952 882 1037; x_wconf 76' lang='lat' dir='ltr'>dialogo</span> <span class='ocrx_word' id='word_1_26' title='bbox 920 952 966 1018; x_wconf 91' lang='lat' dir='ltr'>sic</span> <span class='ocrx_word' id='word_1_27' title='bbox 1012 952 1238 1020; x_wconf 83' lang='lat' dir='ltr'>describentem</span> <span class='ocrx_word' id='word_1_28' title='bbox 1275 953 1377 1036; x_wconf 84' lang='lat' dir='ltr'>fecit,</span> 
     </span>
     <span class='ocr_line' id='line_1_6' title="bbox 447 1068 1376 1153; baseline 0.002 -18"><span class='ocrx_word' id='word_1_29' title='bbox 447 1086 508 1151; x_wconf 89' lang='lat' dir='ltr'>ut,</span> <span class='ocrx_word' id='word_1_30' title='bbox 552 1069 629 1151; x_wconf 91' lang='lat' dir='ltr'>quid</span> <span class='ocrx_word' id='word_1_31' title='bbox 658 1069 727 1153; x_wconf 90' lang='lat' dir='ltr'>ipse</span> <span class='ocrx_word' id='word_1_32' title='bbox 754 1070 905 1149; x_wconf 84' lang='lat' dir='ltr'>sentiret,</span> <span class='ocrx_word' id='word_1_33' title='bbox 947 1068 1050 1153; x_wconf 88' lang='lat' dir='ltr'>ipsius</span> <span class='ocrx_word' id='word_1_34' title='bbox 1077 1071 1184 1137; x_wconf 89' lang='lat' dir='ltr'>verbis</span> <span class='ocrx_word' id='word_1_35' title='bbox 1218 1070 1376 1153; x_wconf 85' lang='lat' dir='ltr'>exprime·</span> 
     </span>
     <span class='ocr_line' id='line_1_7' title="bbox 448 1186 1377 1267; baseline 0.001 -14"><span class='ocrx_word' id='word_1_36' title='bbox 448 1202 509 1255; x_wconf 81' lang='lat' dir='ltr'>rel.</span> <span class='ocrx_word' id='word_1_37' title='bbox 540 1189 658 1253; x_wconf 83' lang='lat' dir='ltr'>Amens</span> <span class='ocrx_word' id='word_1_38' title='bbox 691 1187 751 1251; x_wconf 91' lang='lat' dir='ltr'>sim</span> <span class='ocrx_word' id='word_1_39' title='bbox 778 1205 812 1253; x_wconf 87' lang='lat' dir='ltr'>re</span> <span class='ocrx_word' id='word_1_40' title='bbox 830 1205 968 1265; x_wconf 87' lang='lat' dir='ltr'>vera,o</span> <span class='ocrx_word' id='word_1_41' title='bbox 996 1187 1166 1267; x_wconf 75' lang='lat' dir='ltr'>Callicles,</span> <span class='ocrx_word' id='word_1_42' title='bbox 1201 1187 1244 1252; x_wconf 91' lang='lat' dir='ltr'>ait</span> <span class='ocrx_word' id='word_1_43' title='bbox 1265 1186 1377 1254; x_wconf 86' lang='lat' dir='ltr'>Socra·</span> 
     </span>
     <span class='ocr_line' id='line_1_8' title="bbox 448 1302 1376 1386; baseline -0.004 -14"><span class='ocrx_word' id='word_1_44' title='bbox 448 1320 520 1385; x_wconf 86' lang='lat' dir='ltr'>tes,</span> <span class='ocrx_word' id='word_1_45' title='bbox 551 1303 612 1369; x_wconf 88' lang='lat' dir='ltr'>nisi</span> <span class='ocrx_word' id='word_1_46' title='bbox 644 1317 805 1386; x_wconf 87' lang='lat' dir='ltr'>putarem,</span> <span class='ocrx_word' id='word_1_47' title='bbox 835 1302 867 1366; x_wconf 93' lang='lat' dir='ltr'>in</span> <span class='ocrx_word' id='word_1_48' title='bbox 900 1302 956 1366; x_wconf 87' lang='lat' dir='ltr'>bac</span> <span class='ocrx_word' id='word_1_49' title='bbox 983 1320 1240 1382; x_wconf 90' lang='lat' dir='ltr'>unumquemque</span> <span class='ocrx_word' id='word_1_50' title='bbox 1266 1302 1376 1379; x_wconf 80' lang='lat' dir='ltr'>civita·</span> 
     </span>
     <span class='ocr_line' id='line_1_9' title="bbox 447 1416 1376 1501; baseline -0.003 -15"><span class='ocrx_word' id='word_1_51' title='bbox 447 1432 481 1486; x_wconf 89' lang='lat' dir='ltr'>te</span> <span class='ocrx_word' id='word_1_52' title='bbox 502 1419 536 1485; x_wconf 93' lang='lat' dir='ltr'>id</span> <span class='ocrx_word' id='word_1_53' title='bbox 561 1417 691 1499; x_wconf 80' lang='lat' dir='ltr'>subire,</span> <span class='ocrx_word' id='word_1_54' title='bbox 724 1418 812 1501; x_wconf 91' lang='lat' dir='ltr'>quod</span> <span class='ocrx_word' id='word_1_55' title='bbox 831 1417 892 1500; x_wconf 87' lang='lat' dir='ltr'>ipsi</span> <span class='ocrx_word' id='word_1_56' title='bbox 917 1416 1002 1484; x_wconf 88' lang='lat' dir='ltr'>forte</span> <span class='ocrx_word' id='word_1_57' title='bbox 1042 1419 1185 1497; x_wconf 84' lang='lat' dir='ltr'>eveniat;</span> <span class='ocrx_word' id='word_1_58' title='bbox 1218 1417 1296 1482; x_wconf 90' lang='lat' dir='ltr'>illud</span> <span class='ocrx_word' id='word_1_59' title='bbox 1319 1438 1376 1483; x_wconf 86' lang='lat' dir='ltr'>au·</span> 
     </span>
     <span class='ocr_line' id='line_1_10' title="bbox 448 1533 1374 1617; baseline -0.005 -12"><span class='ocrx_word' id='word_1_60' title='bbox 448 1551 512 1605; x_wconf 80' lang='lat' dir='ltr'>tem</span> <span class='ocrx_word' id='word_1_61' title='bbox 538 1552 624 1603; x_wconf 88' lang='lat' dir='ltr'>certo</span> <span class='ocrx_word' id='word_1_62' title='bbox 647 1535 737 1617; x_wconf 90' lang='lat' dir='ltr'>scio,</span> <span class='ocrx_word' id='word_1_63' title='bbox 759 1535 787 1600; x_wconf 92' lang='lat' dir='ltr'>si</span> <span class='ocrx_word' id='word_1_64' title='bbox 809 1534 933 1615; x_wconf 81' lang='lat' dir='ltr'>quando</span> <span class='ocrx_word' id='word_1_65' title='bbox 955 1534 989 1598; x_wconf 91' lang='lat' dir='ltr'>iu</span> <span class='ocrx_word' id='word_1_66' title='bbox 1003 1533 1154 1617; x_wconf 89' lang='lat' dir='ltr'>judicium</span> <span class='ocrx_word' id='word_1_67' title='bbox 1171 1551 1311 1614; x_wconf 90' lang='lat' dir='ltr'>venero,</span> <span class='ocrx_word' id='word_1_68' title='bbox 1333 1535 1374 1600; x_wconf 89' lang='lat' dir='ltr'>de</span> 
     </span>
     <span class='ocr_line' id='line_1_11' title="bbox 444 1648 1371 1735; baseline -0.006 -14"><span class='ocrx_word' id='word_1_69' title='bbox 444 1656 539 1721; x_wconf 88' lang='lat' dir='ltr'>rebus</span> <span class='ocrx_word' id='word_1_70' title='bbox 563 1652 818 1735; x_wconf 81' lang='lat' dir='ltr'>periclitaturus,</span> <span class='ocrx_word' id='word_1_71' title='bbox 859 1668 937 1731; x_wconf 85' lang='lat' dir='ltr'>quas</span> <span class='ocrx_word' id='word_1_72' title='bbox 971 1663 1007 1714; x_wconf 92' lang='lat' dir='ltr'>tu</span> <span class='ocrx_word' id='word_1_73' title='bbox 1033 1648 1161 1730; x_wconf 86' lang='lat' dir='ltr'>dixisti,</span> <span class='ocrx_word' id='word_1_74' title='bbox 1193 1649 1371 1732; x_wconf 89' lang='lat' dir='ltr'>improbum</span> 
     </span>
     <span class='ocr_line' id='line_1_12' title="bbox 445 1765 1372 1855; baseline 0 -23"><span class='ocrx_word' id='word_1_75' title='bbox 445 1785 516 1855; x_wconf 81' lang='lat' dir='ltr'>esse</span> <span class='ocrx_word' id='word_1_76' title='bbox 541 1766 709 1846; x_wconf 86' lang='lat' dir='ltr'>futurum,</span> <span class='ocrx_word' id='word_1_77' title='bbox 742 1765 798 1848; x_wconf 90' lang='lat' dir='ltr'>qui</span> <span class='ocrx_word' id='word_1_78' title='bbox 827 1784 877 1831; x_wconf 91' lang='lat' dir='ltr'>me</span> <span class='ocrx_word' id='word_1_79' title='bbox 907 1766 1112 1831; x_wconf 84' lang='lat' dir='ltr'>accusaverit.</span> <span class='ocrx_word' id='word_1_80' title='bbox 1155 1766 1236 1832; x_wconf 85' lang='lat' dir='ltr'>Nam</span> <span class='ocrx_word' id='word_1_81' title='bbox 1264 1767 1372 1833; x_wconf 85' lang='lat' dir='ltr'>inson-</span> 
     </span>
     <span class='ocr_line' id='line_1_13' title="bbox 442 1882 1368 1966; baseline -0.005 -12"><span class='ocrx_word' id='word_1_82' title='bbox 442 1899 509 1954; x_wconf 85' lang='lat' dir='ltr'>tem</span> <span class='ocrx_word' id='word_1_83' title='bbox 538 1883 694 1949; x_wconf 86' lang='lat' dir='ltr'>bominem</span> <span class='ocrx_word' id='word_1_84' title='bbox 722 1882 794 1965; x_wconf 84' lang='lat' dir='ltr'>quis</span> <span class='ocrx_word' id='word_1_85' title='bbox 824 1882 946 1948; x_wconf 83' lang='lat' dir='ltr'>tandem</span> <span class='ocrx_word' id='word_1_86' title='bbox 972 1897 1097 1963; x_wconf 74' lang='lat' dir='ltr'>accuset</span> <span class='ocrx_word' id='word_1_87' title='bbox 1116 1882 1265 1966; x_wconf 77' lang='lat' dir='ltr'>probus?</span> <span class='ocrx_word' id='word_1_88' title='bbox 1297 1883 1368 1949; x_wconf 88' lang='lat' dir='ltr'>Nec</span> 
     </span>
     <span class='ocr_line' id='line_1_14' title="bbox 443 1998 1372 2080; baseline -0.008 -9"><span class='ocrx_word' id='word_1_89' title='bbox 443 2022 519 2072; x_wconf 81' lang='lat' dir='ltr'>vero</span> <span class='ocrx_word' id='word_1_90' title='bbox 550 2016 635 2068; x_wconf 89' lang='lat' dir='ltr'>esset</span> <span class='ocrx_word' id='word_1_91' title='bbox 662 1999 800 2080; x_wconf 92' lang='lat' dir='ltr'>mirum,</span> <span class='ocrx_word' id='word_1_92' title='bbox 822 1998 849 2065; x_wconf 94' lang='lat' dir='ltr'>si</span> <span class='ocrx_word' id='word_1_93' title='bbox 869 2000 1091 2066; x_wconf 87' lang='lat' dir='ltr'>condemnarer</span> <span class='ocrx_word' id='word_1_94' title='bbox 1116 2017 1233 2079; x_wconf 69' lang='lat' dir='ltr'>morte,</span> <span class='ocrx_word' id='word_1_95' title='bbox 1272 2000 1372 2065; x_wconf 74' lang='lat' dir='ltr'>Visne</span> 
     </span>
     <span class='ocr_line' id='line_1_15' title="bbox 444 2117 1370 2201; baseline -0.006 -13"><span class='ocrx_word' id='word_1_96' title='bbox 444 2121 504 2188; x_wconf 91' lang='lat' dir='ltr'>tibi</span> <span class='ocrx_word' id='word_1_97' title='bbox 539 2118 662 2201; x_wconf 76' lang='lat' dir='ltr'>dicum},</span> <span class='ocrx_word' id='word_1_98' title='bbox 696 2137 790 2200; x_wconf 85' lang='lat' dir='ltr'>quam</span> <span class='ocrx_word' id='word_1_99' title='bbox 821 2117 863 2182; x_wconf 92' lang='lat' dir='ltr'>ob</span> <span class='ocrx_word' id='word_1_100' title='bbox 893 2136 1032 2182; x_wconf 79' lang='lat' dir='ltr'><strong>caussam</strong></span> <span class='ocrx_word' id='word_1_101' title='bbox 1063 2117 1138 2183; x_wconf 89' lang='lat' dir='ltr'>baec</span> <span class='ocrx_word' id='word_1_102' title='bbox 1168 2117 1211 2181; x_wconf 80' lang='lat' dir='ltr'>ita</span> <span class='ocrx_word' id='word_1_103' title='bbox 1241 2135 1370 2200; x_wconf 86' lang='lat' dir='ltr'>exspec-</span> 
     </span>
     <span class='ocr_line' id='line_1_16' title="bbox 443 2233 1369 2317; baseline -0.006 -12"><span class='ocrx_word' id='word_1_104' title='bbox 443 2238 532 2305; x_wconf 83' lang='lat' dir='ltr'>teml</span> <span class='ocrx_word' id='word_1_105' title='bbox 552 2235 721 2316; x_wconf 86' lang='lat' dir='ltr'>Arbitror,</span> <span class='ocrx_word' id='word_1_106' title='bbox 744 2252 794 2301; x_wconf 89' lang='lat' dir='ltr'>me</span> <span class='ocrx_word' id='word_1_107' title='bbox 813 2254 884 2300; x_wconf 90' lang='lat' dir='ltr'>cum</span> <span class='ocrx_word' id='word_1_108' title='bbox 914 2234 1022 2317; x_wconf 89' lang='lat' dir='ltr'>paucis</span> <span class='ocrx_word' id='word_1_109' title='bbox 1042 2233 1307 2314; x_wconf 79' lang='lat' dir='ltr'>Atheniensibus,</span> <span class='ocrx_word' id='word_1_110' title='bbox 1329 2251 1369 2299; x_wconf 87' lang='lat' dir='ltr'>ne</span> 
     </span>
     <span class='ocr_line' id='line_1_17' title="bbox 442 2350 1368 2433; baseline -0.008 -10"><span class='ocrx_word' id='word_1_111' title='bbox 442 2355 541 2423; x_wconf 85' lang='lat' dir='ltr'>dicam</span> <span class='ocrx_word' id='word_1_112' title='bbox 580 2352 708 2433; x_wconf 93' lang='lat' dir='ltr'>solum,</span> <span class='ocrx_word' id='word_1_113' title='bbox 751 2371 825 2417; x_wconf 86' lang='lat' dir='ltr'>vere</span> <span class='ocrx_word' id='word_1_114' title='bbox 859 2351 1040 2417; x_wconf 85' lang='lat' dir='ltr'>incumbere</span> <span class='ocrx_word' id='word_1_115' title='bbox 1067 2350 1100 2416; x_wconf 91' lang='lat' dir='ltr'>in</span> <span class='ocrx_word' id='word_1_116' title='bbox 1146 2370 1194 2416; x_wconf 88' lang='lat' dir='ltr'>res</span> <span class='ocrx_word' id='word_1_117' title='bbox 1223 2350 1368 2433; x_wconf 81' lang='lat' dir='ltr'>politicas</span> 
     </span>
     <span class='ocr_line' id='line_1_18' title="bbox 440 2469 1368 2564; baseline -0.004 -24"><span class='ocrx_word' id='word_1_118' title='bbox 440 2491 557 2557; x_wconf 69' lang='lat' dir='ltr'>easque</span> <span class='ocrx_word' id='word_1_119' title='bbox 591 2472 694 2538; x_wconf 85' lang='lat' dir='ltr'>solum</span> <span class='ocrx_word' id='word_1_120' title='bbox 726 2489 859 2551; x_wconf 79' lang='lat' dir='ltr'>eorum,</span> <span class='ocrx_word' id='word_1_121' title='bbox 894 2469 949 2550; x_wconf 90' lang='lat' dir='ltr'>qui</span> <span class='ocrx_word' id='word_1_122' title='bbox 981 2488 1064 2564; x_wconf 80' lang='lat' dir='ltr'>nunc</span> <span class='ocrx_word' id='word_1_123' title='bbox 1095 2484 1194 2549; x_wconf 90' lang='lat' dir='ltr'>suut,</span> <span class='ocrx_word' id='word_1_124' title='bbox 1223 2483 1368 2536; x_wconf 84' lang='lat' dir='ltr'>tractare.</span> 
     </span>
     <span class='ocr_line' id='line_1_19' title="bbox 442 2584 1368 2681; baseline -0.011 -21"><span class='ocrx_word' id='word_1_125' title='bbox 442 2591 673 2681; x_wconf 83' lang='lat' dir='ltr'>Quamobrem,</span> <span class='ocrx_word' id='word_1_126' title='bbox 694 2606 766 2653; x_wconf 90' lang='lat' dir='ltr'>cum</span> <span class='ocrx_word' id='word_1_127' title='bbox 788 2606 853 2651; x_wconf 89' lang='lat' dir='ltr'>non</span> <span class='ocrx_word' id='word_1_128' title='bbox 878 2587 916 2651; x_wconf 89' lang='lat' dir='ltr'>ad</span> <span class='ocrx_word' id='word_1_129' title='bbox 943 2585 1070 2671; x_wconf 83' lang='lat' dir='ltr'>gratiam</span> <span class='ocrx_word' id='word_1_130' title='bbox 1099 2585 1182 2668; x_wconf 84' lang='lat' dir='ltr'>apud</span> <span class='ocrx_word' id='word_1_131' title='bbox 1208 2584 1294 2650; x_wconf 88' lang='lat' dir='ltr'>cives</span> <span class='ocrx_word' id='word_1_132' title='bbox 1320 2584 1368 2650; x_wconf 91' lang='lat' dir='ltr'>in·</span> 
     </span>
     <span class='ocr_line' id='line_1_20' title="bbox 442 2703 1366 2785; baseline -0.01 -9"><span class='ocrx_word' id='word_1_133' title='bbox 442 2710 573 2776; x_wconf 81' lang='lat' dir='ltr'>eundum</span> <span class='ocrx_word' id='word_1_134' title='bbox 600 2707 721 2784; x_wconf 88' lang='lat' dir='ltr'>dicam,</span> <span class='ocrx_word' id='word_1_135' title='bbox 743 2704 867 2784; x_wconf 89' lang='lat' dir='ltr'>quoties</span> <span class='ocrx_word' id='word_1_136' title='bbox 895 2703 990 2782; x_wconf 90' lang='lat' dir='ltr'>dico,</span> <span class='ocrx_word' id='word_1_137' title='bbox 1017 2704 1073 2768; x_wconf 89' lang='lat' dir='ltr'>sed</span> <span class='ocrx_word' id='word_1_138' title='bbox 1105 2716 1243 2785; x_wconf 87' lang='lat' dir='ltr'>spectem</span> <span class='ocrx_word' id='word_1_139' title='bbox 1280 2703 1366 2783; x_wconf 92' lang='lat' dir='ltr'>quod</span> 
     </span>
     <span class='ocr_line' id='line_1_21' title="bbox 442 2817 1366 2912; baseline -0.01 -20"><span class='ocrx_word' id='word_1_140' title='bbox 442 2826 619 2912; x_wconf 87' lang='lat' dir='ltr'>optimum,</span> <span class='ocrx_word' id='word_1_141' title='bbox 641 2840 706 2888; x_wconf 90' lang='lat' dir='ltr'>non</span> <span class='ocrx_word' id='word_1_142' title='bbox 734 2821 821 2902; x_wconf 89' lang='lat' dir='ltr'>quod</span> <span class='ocrx_word' id='word_1_143' title='bbox 847 2818 1060 2884; x_wconf 89' lang='lat' dir='ltr'>dulcissimum</span> <span class='ocrx_word' id='word_1_144' title='bbox 1085 2835 1154 2898; x_wconf 89' lang='lat' dir='ltr'>est,</span> <span class='ocrx_word' id='word_1_145' title='bbox 1187 2836 1245 2884; x_wconf 88' lang='lat' dir='ltr'>nec</span> <span class='ocrx_word' id='word_1_146' title='bbox 1273 2817 1366 2884; x_wconf 88' lang='lat' dir='ltr'>velim</span> 
     </span>
     <span class='ocr_line' id='line_1_22' title="bbox 441 2934 1365 3030; baseline -0.013 -17"><span class='ocrx_word' id='word_1_147' title='bbox 441 2945 595 3030; x_wconf 83' lang='lat' dir='ltr'>praeclara</span> <span class='ocrx_word' id='word_1_148' title='bbox 622 2940 698 3021; x_wconf 86' lang='lat' dir='ltr'>illa,</span> <span class='ocrx_word' id='word_1_149' title='bbox 726 2955 805 3020; x_wconf 87' lang='lat' dir='ltr'>quae</span> <span class='ocrx_word' id='word_1_150' title='bbox 831 2937 925 3000; x_wconf 92' lang='lat' dir='ltr'>modo</span> <span class='ocrx_word' id='word_1_151' title='bbox 947 2936 1118 3015; x_wconf 87' lang='lat' dir='ltr'>enarrasti,</span> <span class='ocrx_word' id='word_1_152' title='bbox 1140 2934 1263 3014; x_wconf 89' lang='lat' dir='ltr'>facere,</span> <span class='ocrx_word' id='word_1_153' title='bbox 1283 2936 1365 3001; x_wconf 84' lang='lat' dir='ltr'>baud</span> 
     </span>
    </p>
   </div>
   <div class='ocr_carea' id='block_1_3' title="bbox 439 3041 1469 3133">
    <p class='ocr_par' dir='ltr' id='par_1_3' title="bbox 439 3041 1469 3133">
     <span class='ocr_line' id='line_1_23' title="bbox 439 3041 1469 3133; baseline -0.012 -5"><span class='ocrx_word' id='word_1_154' title='bbox 439 3079 516 3128; x_wconf 82' lang='lat' dir='ltr'>sane</span> <span class='ocrx_word' id='word_1_155' title='bbox 557 3056 679 3122; x_wconf 83' lang='lat' dir='ltr'>habebo</span> <span class='ocrx_word' id='word_1_156' title='bbox 719 3053 864 3133; x_wconf 88' lang='lat' dir='ltr'>equidem</span> <span class='ocrx_word' id='word_1_157' title='bbox 902 3052 990 3132; x_wconf 92' lang='lat' dir='ltr'>quod</span> <span class='ocrx_word' id='word_1_158' title='bbox 1029 3052 1061 3115; x_wconf 92' lang='lat' dir='ltr'>in</span> <span class='ocrx_word' id='word_1_159' title='bbox 1092 3052 1210 3133; x_wconf 92' lang='lat' dir='ltr'>judicio</span> <span class='ocrx_word' id='word_1_160' title='bbox 1243 3041 1365 3118; x_wconf 73' lang='lat' dir='ltr'>dicam.</span> <span class='ocrx_word' id='word_1_161' title='bbox 1466 3053 1469 3057; x_wconf 75' lang='grc'>’</span> 
     </span>
    </p>
   </div>
   <div class='ocr_carea' id='block_1_4' title="bbox 439 3166 1368 3933">
    <p class='ocr_par' dir='ltr' id='par_1_4' title="bbox 439 3166 1368 3850">
     <span class='ocr_line' id='line_1_24' title="bbox 439 3166 1368 3253; baseline -0.011 -9"><span class='ocrx_word' id='word_1_162' title='bbox 439 3177 524 3244; x_wconf 88' lang='lat' dir='ltr'>Idem</span> <span class='ocrx_word' id='word_1_163' title='bbox 548 3174 587 3239; x_wconf 89' lang='lat' dir='ltr'>de</span> <span class='ocrx_word' id='word_1_164' title='bbox 618 3187 669 3237; x_wconf 89' lang='lat' dir='ltr'>me</span> <span class='ocrx_word' id='word_1_165' title='bbox 695 3168 932 3250; x_wconf 85' lang='lat' dir='ltr'>usurpandum,</span> <span class='ocrx_word' id='word_1_166' title='bbox 955 3166 1042 3247; x_wconf 90' lang='lat' dir='ltr'>quod</span> <span class='ocrx_word' id='word_1_167' title='bbox 1072 3167 1150 3232; x_wconf 89' lang='lat' dir='ltr'>Polo</span> <span class='ocrx_word' id='word_1_168' title='bbox 1176 3167 1263 3234; x_wconf 68' lang='lat' dir='ltr'>dixit</span> <span class='ocrx_word' id='word_1_169' title='bbox 1284 3169 1368 3253; x_wconf 89' lang='lat' dir='ltr'>judi·</span> 
     </span>
     <span class='ocr_line' id='line_1_25' title="bbox 440 3283 1366 3369; baseline -0.011 -6"><span class='ocrx_word' id='word_1_170' title='bbox 440 3295 537 3364; x_wconf 78' lang='lat' dir='ltr'>eebor</span> <span class='ocrx_word' id='word_1_171' title='bbox 572 3289 716 3369; x_wconf 88' lang='lat' dir='ltr'>scilicet,</span> <span class='ocrx_word' id='word_1_172' title='bbox 749 3301 824 3351; x_wconf 87' lang='lat' dir='ltr'>uta</span> <span class='ocrx_word' id='word_1_173' title='bbox 859 3284 998 3369; x_wconf 87' lang='lat' dir='ltr'>puerulis</span> <span class='ocrx_word' id='word_1_174' title='bbox 1030 3283 1242 3369; x_wconf 88' lang='lat' dir='ltr'>judicaretur,</span> <span class='ocrx_word' id='word_1_175' title='bbox 1275 3306 1366 3353; x_wconf 87' lang='lat' dir='ltr'>accu-</span> 
     </span>
     <span class='ocr_line' id='line_1_26' title="bbox 439 3402 1366 3499; baseline -0.011 -17"><span class='ocrx_word' id='word_1_176' title='bbox 439 3410 527 3482; x_wconf 75' lang='lat' dir='ltr'>sante</span> <span class='ocrx_word' id='word_1_177' title='bbox 546 3433 661 3499; x_wconf 84' lang='lat' dir='ltr'>coquo,</span> <span class='ocrx_word' id='word_1_178' title='bbox 693 3405 838 3471; x_wconf 79' lang='lat' dir='ltr'>medicus.</span> <span class='ocrx_word' id='word_1_179' title='bbox 882 3402 965 3468; x_wconf 90' lang='lat' dir='ltr'>Vide</span> <span class='ocrx_word' id='word_1_180' title='bbox 1002 3402 1110 3483; x_wconf 89' lang='lat' dir='ltr'>enirn,</span> <span class='ocrx_word' id='word_1_181' title='bbox 1142 3403 1219 3484; x_wconf 87' lang='lat' dir='ltr'>quid</span> <span class='ocrx_word' id='word_1_182' title='bbox 1255 3402 1366 3490; x_wconf 81' lang='lat' dir='ltr'>hujus·</span> 
     </span>
     <span class='ocr_line' id='line_1_27' title="bbox 440 3520 1364 3606; baseline -0.011 -8"><span class='ocrx_word' id='word_1_183' title='bbox 440 3530 526 3599; x_wconf 88' lang='lat' dir='ltr'>modi</span> <span class='ocrx_word' id='word_1_184' title='bbox 552 3531 648 3593; x_wconf 89' lang='lat' dir='ltr'>homo</span> <span class='ocrx_word' id='word_1_185' title='bbox 678 3527 754 3590; x_wconf 88' lang='lat' dir='ltr'>talea</span> <span class='ocrx_word' id='word_1_186' title='bbox 783 3536 892 3588; x_wconf 88' lang='lat' dir='ltr'>nactus</span> <span class='ocrx_word' id='word_1_187' title='bbox 918 3520 1063 3606; x_wconf 89' lang='lat' dir='ltr'>judices,</span> <span class='ocrx_word' id='word_1_188' title='bbox 1085 3520 1224 3601; x_wconf 91' lang='lat' dir='ltr'>diceret,</span> <span class='ocrx_word' id='word_1_189' title='bbox 1260 3523 1288 3588; x_wconf 93' lang='lat' dir='ltr'>si</span> <span class='ocrx_word' id='word_1_190' title='bbox 1308 3543 1364 3589; x_wconf 89' lang='lat' dir='ltr'>co·</span> 
     </span>
     <span class='ocr_line' id='line_1_28' title="bbox 441 3640 1361 3729; baseline -0.01 -19"><span class='ocrx_word' id='word_1_191' title='bbox 441 3664 523 3729; x_wconf 88' lang='lat' dir='ltr'>quus</span> <span class='ocrx_word' id='word_1_192' title='bbox 554 3661 625 3710; x_wconf 87' lang='lat' dir='ltr'>cum</span> <span class='ocrx_word' id='word_1_193' title='bbox 652 3642 683 3706; x_wconf 91' lang='lat' dir='ltr'>in</span> <span class='ocrx_word' id='word_1_194' title='bbox 705 3641 790 3707; x_wconf 90' lang='lat' dir='ltr'>bunc</span> <span class='ocrx_word' id='word_1_195' title='bbox 811 3640 937 3704; x_wconf 89' lang='lat' dir='ltr'>modum</span> <span class='ocrx_word' id='word_1_196' title='bbox 959 3651 1138 3704; x_wconf 86' lang='lat' dir='ltr'>accusaret:</span> <span class='ocrx_word' id='word_1_197' title='bbox 1163 3640 1267 3704; x_wconf 79' lang='lat' dir='ltr'>multis</span> <span class='ocrx_word' id='word_1_198' title='bbox 1287 3659 1361 3714; x_wconf 77' lang='lat' dir='ltr'>vos,</span> 
     </span>
     <span class='ocr_line' id='line_1_29' title="bbox 440 3749 1364 3850; baseline -0.012 -24"><span class='ocrx_word' id='word_1_199' title='bbox 440 3780 458 3826; x_wconf 89' lang='lat' dir='ltr'>o</span> <span class='ocrx_word' id='word_1_200' title='bbox 482 3762 600 3850; x_wconf 80' lang='lat' dir='ltr'>pueri,</span> <span class='ocrx_word' id='word_1_201' title='bbox 629 3760 682 3825; x_wconf 70' lang='lat' dir='ltr'>vir</span> <span class='ocrx_word' id='word_1_202' title='bbox 718 3757 800 3822; x_wconf 79' lang='lat' dir='ltr'>hicce</span> <span class='ocrx_word' id='word_1_203' title='bbox 819 3754 1086 3839; x_wconf 76' lang='lat' dir='ltr'>-grarissimr&#39;squc</span> <span class='ocrx_word' id='word_1_204' title='bbox 1121 3752 1213 3816; x_wconf 79' lang='lat' dir='ltr'>malis</span> <span class='ocrx_word' id='word_1_205' title='bbox 1230 3749 1364 3832; x_wconf 77' lang='lat' dir='ltr'>affecit:</span> 
     </span>
    </p>

    <p class='ocr_par' dir='ltr' id='par_1_5' title="bbox 1294 3886 1364 3933">
     <span class='ocr_line' id='line_1_30' title="bbox 1294 3886 1364 3933; baseline -0.014 0"><span class='ocrx_word' id='word_1_206' title='bbox 1294 3886 1364 3933; x_wconf 78' lang='lat' dir='ltr'>curu</span> 
     </span>
    </p>
   </div>
   <div class='ocr_carea' id='block_1_5' title="bbox 414 4023 622 4100">
    <p class='ocr_par' dir='ltr' id='par_1_6' title="bbox 414 4023 622 4100">
     <span class='ocr_line' id='line_1_31' title="bbox 414 4023 622 4100; baseline -0.024 1"><span class='ocrx_word' id='word_1_207' title='bbox 414 4056 422 4073; x_wconf 94' lang='lat'><strong>·</strong></span> <span class='ocrx_word' id='word_1_208' title='bbox 476 4026 517 4100; x_wconf 71' lang='grc' dir='ltr'>(ι)</span> <span class='ocrx_word' id='word_1_209' title='bbox 533 4045 562 4097; x_wconf 81' lang='lat' dir='ltr'>r·</span> <span class='ocrx_word' id='word_1_210' title='bbox 579 4023 622 4096; x_wconf 77' lang='lat'>⁹⁸·</span> 
     </span>
    </p>
   </div>
   <div class='ocr_carea' id='block_1_6' title="bbox 0 0 1500 5220">
    <p class='ocr_par' dir='ltr' id='par_1_7' title="bbox 0 0 1500 5220">
     <span class='ocr_line' id='line_1_32' title="bbox 0 0 1500 5220; baseline 0 4"><span class='ocrx_word' id='word_1_211' title='bbox 0 0 1500 5220; x_wconf 95' lang='lat' dir='ltr'> </span> 
     </span>
    </p>
   </div>
  </div>
 </body>
</html>
