2992 5220
798 466 983 541 ...7⁶-
1070 432 1078 442 ’

413 647 462 714 bis
482 645 719 732 percipiendam,
756 641 900 726 praebuit
937 642 1114 709 Socraticae
1156 640 1347 729 disciplinae

420 763 617 844 ubertatem,
650 779 732 844 quae
764 773 831 824 tota
860 759 934 826 item
964 776 1004 825 ex
1033 761 1141 826 eodem
1172 761 1233 826 hoc
1261 762 1353 830 fonte

418 880 511 946 ducta
530 893 591 946 est.
640 879 724 947 Nam
747 877 915 959 utriusque
934 876 1169 959 explicationem
1192 879 1353 960 quaestio·

419 995 468 1062 nis
486 1014 551 1061 non
570 995 718 1074 aliunde,
741 995 824 1075 sed,
860 995 939 1059 duce
964 995 1162 1075 Platonc,e
1190 997 1351 1064 nobismet

413 1110 520 1195 ipsis,
551 1130 592 1179 ex
634 1111 726 1177 animi
755 1111 856 1176 nostri
883 1111 993 1174 natura
1026 1111 1224 1177 hauriendam
1254 1128 1349 1197 puta·

418 1229 534 1297 vimus.
579 1228 705 1316 Quibus
732 1226 888 1309 explicitis
919 1226 1067 1306 tandem,
1107 1229 1258 1310 suspicari
1285 1232 1348 1315 jatn

417 1346 512 1414 nobis
536 1344 629 1425 licet,
653 1343 795 1428 quaesit
827 1343 998 1408 secundum
1018 1343 1177 1408 Platonem
1199 1347 1350 1426 eloquen-

417 1461 461 1528 tia
489 1481 581 1543 vera,
604 1479 685 1544 quae
702 1462 786 1544 justa
809 1456 965 1524 scribendi
989 1457 1088 1539 ratio,
1112 1458 1273 1526 hominum
1296 1480 1350 1547 ge-

418 1578 485 1644 neri
513 1578 695 1644 fructuosa:
727 1566 898 1642 ducendam
919 1573 1002 1638 enim
1030 1587 1196 1655 utramque
1221 1594 1261 1641 ex
1291 1576 1349 1644 iis-

416 1692 487 1758 dem
508 1709 579 1758 esse
605 1689 781 1756 Socraticae
813 1689 997 1774 disciplinae
1018 1691 1200 1775 principiis,
1233 1694 1347 1761 intelli·

416 1808 518 1896 mutus
540 1805 643 1874 facile.
700 1807 763 1873 Sed
780 1825 819 1874 eo
852 1809 1035 1892 priusquam
1056 1810 1260 1892 progrediar,
1297 1829 1347 1878 re-

417 1925 538 2012 spicere
555 1925 645 2009 juvat
672 1925 706 1990 in
735 1926 847 1990 durum
870 1923 956 1990 istud
977 1938 1009 1990 et
1033 1926 1163 2008 ἄμουσον
1183 1927 1345 1995 hominurn
1431 1948 1436 1957 ·

418 2062 539 2132 gentas,
562 2043 618 2125 qui
638 2041 887 2127 ingredientibus
914 2041 1088 2107 nobishoc
1114 2041 1174 2106 iter
1195 2043 1233 2108 ad
1265 2044 1349 2111 veri-

417 2176 534 2242 tatem,
557 2161 661 2244 ipsutn
681 2159 797 2225 aditum
822 2159 985 2224 occludere
1020 2157 1225 2223 conabantur.
1271 2160 1347 2225 Cla-

410 2276 567 2356 ¹mitabant
596 2275 674 2356 isti,
715 2294 772 2342 nec
803 2276 965 2342 veritatem
1009 2293 1080 2341 esse
1111 2274 1174 2340 bec
1205 2275 1347 2343 veritatis

416 2413 573 2460 amorem:
608 2392 812 2479 opinionibus
833 2412 893 2458 nos
928 2393 1000 2458 duci
1029 2407 1061 2459 et
1088 2393 1194 2458 studio
1222 2393 1348 2476 opinio·

415 2529 515 2591 num,
538 2529 616 2593 quas
646 2510 702 2593 qui
738 2508 996 2593 eloquentissime
1025 2525 1056 2576 et
1088 2510 1282 2577 multitudini
1315 2500 1365 2579 et-

414 2626 574 2712 iuventuti
601 2642 818 2709 proponeret,
866 2629 950 2693 irunt
974 2628 1032 2698 ‘de
1067 2640 1198 2708 utraque
1229 2629 1347 2712 optime

417 2742 540 2809 mereri.
583 2741 656 2807 Nos
686 2761 763 2808 vero
790 2744 874 2809 harad
903 2743 1014 2807 morati
1031 2738 1155 2808 illorum
1176 2746 1349 2811 cavillatio·

417 2878 495 2941 nes,
518 2859 576 2925 iter
603 2872 748 2926 nostrum
779 2859 900 2940 placide
920 2873 1168 2942 constanterque
1189 2864 1347 2943 persecuti

417 2997 553 3059 sumus,
575 2990 607 3043 et
633 2975 694 3041 huc
714 2976 776 3058 jam
791 2975 977 3059 progressi,
1000 2976 1078 3058 quid
1097 2977 1136 3042 de
1155 2976 1289 3047 scientiis
1313 2995 1348 3047 et

419 3094 595 3178 opinione,
627 3090 704 3174 quid
742 3091 781 3157 de
809 3091 997 3175 Protagorae
1024 3091 1143 3172 effato,
1170 3112 1349 3182 morsuram

417 3210 558 3277 omniurn
580 3226 682 3276 rerum
714 3207 872 3274 hominem
905 3225 996 3288 esse,
1018 3207 1252 3277 existimandum
1279 3213 1348 3295 sit,

415 3329 558 3398 noudum
589 3324 821 3413 perspicimus3
845 3325 902 3392 scd
931 3326 993 3392 hoc
1023 3342 1054 3392 et
1085 3326 1292 3411 perspicimus
1314 3345 1349 3402 et

415 3447 528 3521 intimo
552 3445 654 3513 animo
684 3443 965 3528 persentiscimus,
1007 3463 1078 3511 esse
1112 3445 1207 3513 nobis
1236 3452 1348 3516 natorl
1415 3506 1420 3511 .

417 3565 552 3631 inditum
580 3561 717 3629 veritatis
748 3580 903 3628 aurorem:
935 3576 967 3655 et
999 3561 1145 3652 quamvis
1165 3563 1208 3629 sit
1238 3583 1347 3654 magna

416 3672 449 3746 ¹ct
478 3679 629 3761 praeclara
655 3696 726 3744 cum
751 3654 929 3761 eloquentia
959 3679 1119 3761 istorum,
1148 3694 1215 3744 tum
1247 3680 1347 3745 disse·

419 3793 506 3873 rendi
522 3793 702 3875 subtilitas,
725 3794 785 3863 nisi
806 3796 889 3860 hunc
907 3794 1042 3862 excitent
1071 3794 1103 3859 in
1128 3794 1242 3860 animis.
1260 3813 1347 3861 auto·

418 3931 507 3994 rem,
529 3911 574 3978 sic
589 3912 723 3995 juvenes
749 3910 904 3991 efficiant,
926 3923 963 3975 ut
987 3929 1045 3977 sua
1071 3924 1186 3991 sponte
1213 3930 1345 3997 progre-

425 4026 578 4109 diantur,
619 4042 727 4091 vanam
767 4025 849 4091 illam
889 4041 960 4091 esse
1007 4039 1039 4090 et
1070 4042 1347 4109 supervacaneam,

1292 4146 1344 4211 ln.
