2992 5220
640 427 814 510 -¹5·'-

290 611 352 680 Est
370 615 445 679 mise
465 633 532 679 sous
550 611 578 677 le
597 630 665 676 nom
686 608 723 674 dc
735 608 849 676 beautd
859 610 1011 696 negligam

289 730 343 796 La
364 738 479 817 geonta
493 729 604 818 paron
625 748 685 792 une
706 726 806 794 deesse
821 749 891 793 auo
906 748 1013 812 your,-

289 848 343 913 La
361 850 473 926 noina,
495 866 539 910 un
557 843 675 929 abrlgd
699 842 750 910 des
776 845 947 911 merveillts
965 843 1017 909 {les
1042 843 1153 910 &aar

290 962 535 1048 L’orgueilleusc
550 982 572 1026 a
593 960 622 1026 Ie
640 980 733 1026 cocur
753 960 845 1047 digne
860 958 954 1027 d’une
971 979 1146 1042 couronne,·

292 1078 346 1144 La
358 1077 474 1162 fhurbc
489 1098 511 1142 a
530 1075 569 1143 de
590 1077 734 1165 i'etprt‘t;
755 1079 789 1143 la
809 1095 886 1146 sorte
902 1094 946 1146 est
961 1094 1045 1146 toute
1064 1077 1177 1160 bonne3
1232 1072 1238 1080 ’

291 1191 345 1261 La
365 1208 438 1282 trop
457 1192 581 1280 grando
597 1195 744 1283 parlcuse
762 1211 806 1260 est
827 1195 1010 1282 d'agreable
1023 1197 1179 1280 humour,·

292 1311 340 1378 Er
363 1313 397 1379 Ia
424 1327 538 1378 nauem
559 1310 662 1398 garde
683 1334 744 1378 une
762 1313 891 1378 honerate
901 1310 1035 1398 pudeur.

260 1469 266 1481 ·
289 1428 466 1496 Ccsraimi
477 1427 596 1514 ‚qu'un
610 1443 721 1495 amant
733 1476 745 1503 ,
757 1427 1200 1511 dontl'ardcuresttxtrtmt‚

292 1545 568 1632 Aimejnsqu’aux
584 1544 710 1631 dffaurs
727 1545 780 1614 des
798 1564 961 1631 personata
981 1547 1064 1634 qu’il
1080 1544 1202 1612 almam

314 1734 548 1819 Adscripsimus
564 1735 639 1801 haec
652 1737 744 1818 loca,
766 1754 831 1802 non
853 1756 917 1818 quo
931 1751 1074 1805 ornatum
1095 1738 1205 1823 dispu-

271 1851 383 1918 tationi
414 1871 432 1917 a
463 1849 568 1936 poetis
600 1866 800 1935 peteremus,
833 1855 888 1920 sed
926 1855 1027 1940 ipsius
1064 1855 1203 1923 Platonis

266 1985 404 2045 caussa,
428 1988 492 2049 quo
521 1966 620 2052 magis
640 1969 766 2052 propria
788 1970 857 2052 ejus
885 1985 917 2035 et
940 1970 1122 2059 singularis⁴
1138 1971 1207 2049 pit·

275 2098 316 2146 ne
347 2079 592 2163 philosophandi
624 2081 703 2142 ratio
732 2093 907 2160 appareret.
949 2081 1064 2146 Poetae
1093 2080 1126 2147 in
1153 2083 1203 2149 his

275 2194 486 2280 usurpandis,
505 2209 540 2263 ut
550 2192 707 2274 vidimua,
720 2212 777 2258 sua
790 2192 909 2277 quique
927 2197 1091 2280 proposita
1110 2172 1207 2267 maxi·

274 2334 388 2396 meque
407 2313 527 2379 diversa
553 2322 785 2394 respexerunt,
816 2323 847 2375 et
869 2311 927 2377 alia
956 2312 1057 2376 omnia
1083 2314 1206 2397 magis,

276 2453 369 2514 quum
398 2431 465 2498 veri
492 2428 724 2513 philosophiam
759 2429 971 2496 attenderunt.
1014 2430 1103 2511 Plato
1130 2449 1207 2498 vero

275 2551 326 2614 illa
355 2549 394 2614 ad
421 2547 633 2632 cognoscendi
664 2566 799 2613 amorem
837 2548 1112 2631 doctrinarumque
1141 2566 1210 2617 stu·

277 2666 388 2745 dium,
410 2681 475 2747 quo
506 2662 612 2747 flagrat
643 2663 763 2729 indoles
791 2663 1006 2748 philosopha,
1039 2667 1205 2735 adhibuit:
1274 2683 1277 2688 ’

278 2800 343 2866 quo
358 2796 442 2866 patet
459 2780 552 2847 nohis
570 2781 673 2846 denuo
686 2828 697 2862 ,
709 2800 801 2863 quam
820 2801 913 2866 supra
933 2783 1206 2867 euplicuimus,‘·‘

268 2892 391 2968 ¹amoris
421 2900 505 2983 apud
545 2919 616 2966 eum
649 2917 719 2964 cum
759 2898 964 2982 philosophia
996 2901 1208 2985 necessitudo.

270 3017 449 3103 ,verissima
472 3032 575 3086 autem
607 3030 683 3085 sunt
713 3016 938 3098 aptissimeque
967 3015 1057 3080 nobis
1083 3017 1212 3081 demon·

268 3116 397 3215 ⁸strant,
424 3137 486 3201 hoc
510 3133 584 3200 item
608 3153 679 3200 cum
697 3132 869 3199 amantibus
890 3130 1027 3196 discendi
1054 3130 1212 3215 cupidos,

268 3226 400 3333 :quique
419 3254 528 3315 naturl
550 3250 736 3335 philosophi
757 3263 856 3331 sunt,
878 3267 1047 3316 commune
1072 3248 1210 3332 habere,

279 3382 315 3432 ut
336 3362 492 3449 quidquid
512 3379 560 3428 est
581 3366 695 3431 studiis
716 3366 858 3449 ipsorum
882 3367 1074 3435 naturalibus
1095 3385 1213 3437 conve·

278 3485 368 3551 niens
379 3481 630 3565 ‚qualecumque
650 3482 691 3545 sit
711 3481 788 3549 illud
806 3483 930 3548 tandem
944 3530 956 3565 ,
970 3484 1066 3549 modo
1087 3485 1211 3570 expleat

274 3594 418 3667 =discendi
429 3599 752 3689 desiderium‚ament
762 3597 938 3664 illudomne
954 3615 986 3665 et
1004 3603 1122 3669 colant.
1141 3601 1212 3670 Un-

281 3719 321 3786 de
349 3729 454 3802 patere
486 3716 669 3784 arbitramur
694 3712 972 3782 diversissimarum
1001 3718 1210 3787 doctrinarum

1124 3856 1209 3905 com·

274 4054 280 4063 .
316 4012 360 4084 [ι]
379 4009 489 4083 hiolior·
509 4008 528 4060 1.
545 4007 565 4060 1.
619 4012 659 4080 (a)
678 4008 743 4065 vot.
762 4009 787 4066 1.
804 4027 833 4079 p·
852 4012 910 4068 132.
929 4013 987 4068 235.
1087 4023 1088 4026 ’
