2992 5220
659 466 831 532 ...55-

274 628 434 700 caeterisi
453 660 500 678 -
521 628 672 694 Omnino.
694 666 739 681 -
758 607 852 714 Quin
873 629 962 695 etiam
985 645 1123 713 possunt
1144 633 1203 697 ob·

274 748 418 814 stetrices
447 760 479 812 et
504 743 631 810 medelis
654 743 860 827 praebendis,
887 757 918 810 et
944 745 1128 811 adhibendis
1159 747 1206 813 in·

275 862 529 941 cantationibus,
549 859 782 967 cumuexcitare
801 859 1037 941 parturientium
1059 862 1206 944 dolores,

277 992 367 1059 tum,
397 997 531 1060 quarum
560 978 696 1057 volunt,
728 975 857 1056 sedare,
890 976 1009 1042 efficere
1039 978 1138 1059 item,
1170 995 1207 1046 ut

278 1094 398 1178 pariant
440 1113 521 1176 quae
560 1112 651 1177 aegre
683 1095 886 1175 parturiunt:
928 1097 1138 1177 eaedemque,
1158 1097 1210 1164 si

280 1212 407 1293 quando
430 1212 542 1275 abortu
572 1228 654 1292 opus
675 1209 912 1289 est,.abortum
940 1210 1089 1277 efficiunt.
1115 1211 1147 1256 <¹³
1167 1247 1212 1264 -

281 1330 345 1395 Est
375 1328 530 1393 sancita.
562 1365 607 1380 -
636 1325 802 1407 Numquid
830 1341 862 1392 et
891 1327 955 1392 hoc'
985 1330 1025 1394 de
1054 1327 1114 1393 illis
1144 1326 1210 1392 ani·

282 1445 499 1523 madvertisti,
528 1462 599 1510 esse
618 1445 740 1511 eosdm
762 1445 973 1526 sagacissimas
998 1441 1213 1510 matrimonio·

262 1562 354 1628 'rum
383 1561 627 1640 conciliatrices,
664 1560 784 1644 quippe
808 1578 957 1643 perquam
983 1560 1162 1642 prudentes
1180 1559 1213 1623 in

284 1678 463 1758 cernendo,
486 1678 586 1758 qualis
613 1677 724 1742 mulier
752 1675 836 1758 quali
856 1680 925 1741 viro
945 1677 1052 1760 juncta
1072 1675 1213 1757 optimos

286 1794 386 1876 pariat
408 1792 550 1858 liberor?
569 1825 618 1844 -
636 1792 674 1856 ld
691 1811 757 1857 nou
779 1792 854 1858 satis
876 1792 966 1857 novi.
987 1826 1035 1845 ·-
1055 1792 1142 1857 Scito
1162 1808 1216 1857 ve

288 1929 348 1990 ro,
391 1909 453 1974 hoc
482 1927 533 1974 eas
565 1907 663 1989 magis
695 1905 843 1990 gloriari,
887 1927 979 1989 quam
1010 1906 1150 1971 umbilici
1172 1905 1220 1971 in·

287 2023 420 2090 cisione.
465 2021 548 2088 Nam
575 2035 703 2103 reputa:
736 2022 936 2106 ejusdemne,
967 2038 1006 2085 an
1035 2020 1115 2086 alius
1144 2019 1221 2087 attis

288 2158 359 2207 asse
393 2138 576 2219 existimas,
618 2139 722 2204 colere
757 2157 792 2204 uc
828 2138 976 2221 colligere
1002 2135 1059 2220 qui
1091 2155 1110 2204 e
1139 2150 1221 2203 terra

290 2271 461 2324 nascuntur
480 2255 623 2335 fructum
646 2269 678 2319 et
706 2274 814 2319 rursus
843 2255 1047 2337 dignoscere,
1070 2254 1158 2336 quod
1186 2253 1220 2319 lu

290 2373 395 2437 solum
420 2390 513 2452 quam
548 2371 702 2451 plantam,
745 2371 873 2449 quodue
902 2386 1009 2434 semen
1036 2370 1140 2451 iacere
1171 2370 1226 2434 ds·

291 2486 387 2552 reat?
408 2520 454 2536 -
474 2486 552 2550 Non
581 2501 678 2562 sane,
701 2484 756 2548 sed
783 2484 921 2567 ejusdem
949 2497 1008 2548 est.
1031 2512 1075 2534 ι-
1099 2485 1136 2548 In
1157 2481 1226 2550 fos

293 2602 389 2670 minis
416 2617 554 2682 autem,¹
586 2620 606 2666 ο
636 2601 758 2680 amice,
798 2601 924 2666 alterius
951 2599 1105 2665 facultatis
1133 2599 1224 2679 hoc,

293 2720 424 2787 alterius
443 2718 521 2785 illud
540 2717 727 2785 existimus?
749 2757 793 2770 -
812 2719 890 2782 Non
912 2718 1049 2783 videtur.
1070 2755 1115 2770 -
1136 2715 1230 2781 Haud

294 2855 396 2920 sane3
430 2837 487 2902 sed
515 2849 646 2918 propter
673 2835 819 2920 injustum
851 2835 1053 2917 ineptumque
1080 2833 1172 2898 maris
1201 2847 1234 2899 et

296 2954 450 3022 foeminae
488 2953 761 3037 conjunctionem,
804 2951 856 3017 cui
891 2954 1073 3017 lenocinium
1113 2966 1229 3015 nomen

295 3087 368 3153 est,
389 3069 575 3138 conciliandi
595 3067 783 3136 matrimonii
814 3068 952 3134 officium
977 3066 1104 3152 fugiunt
1124 3066 1232 3133 obste-

1179 3181 1237 3248 tri·

336 3374 377 3442 (ι)
398 3368 503 3422 Graeca
519 3369 658 3419 manifesto
675 3371 802 3430 corrupta
820 3370 900 3415 aunt:
921 3365 969 3417 uel
990 3359 1040 3417 iau
1052 3359 1111 3417 νέον
1122 3357 1154 3417 ὃν
1165 3350 1235 3428 'bip

303 3475 493 3548 ἂμβλΐσκειν,
502 3470 720 3543 ἄμβλίσκουσιν,
742 3469 818 3532 Fuit,
831 3486 889 3520 cum
901 3467 966 3518 milri
977 3466 1094 3517 mirifica
1105 3463 1239 3532 placerem

305 3580 557 3653 conjiciendosuoei
580 3575 629 3634 ida
662 3573 892 3645 buautaiau
925 3568 1010 3644 Σόξῃ,
1043 3569 1240 3642 duplicitate,

306 3707 339 3743 οο
360 3686 454 3751 seusu,
475 3692 506 3738 nl
524 3681 555 3741 οὗ
577 3681 691 3755 γόνιμον
710 3687 834 3745 notaret,
859 3679 952 3748 prouti
980 3678 1028 3748 157
1053 3676 1093 3731 D.
1110 3673 1240 3743 ΗΜ.

301 3791 371 3844 etia
394 3788 478 3857 pta&
496 3774 553 3838 s'ed
570 3783 665 3852 rejecit
679 3780 826 3851 juvenilem
843 3779 1019 3832 amentatum
1040 3784 1112 3830 aetas
1123 3787 1242 3843 provec-
1285 3807 1290 3817 ·

307 3893 373 3945 tior.
405 3888 492 3944 nunc
512 3883 622 3955 quidem
648 3881 713 3938 heac
737 3882 808 3937 verti
829 3880 863 3934 de
887 3877 1043 3933 Heindorfii
1062 3875 1237 3948 conjectus:

209 4004 214 4013 '
312 3993 362 4051 litu
378 3991 440 4052 driu
456 3987 534 4064 δόξῃ.
