2992 5220
808 449 963 512 -6-

419 630 658 713 metaphysicam
691 628 723 692 in
749 630 829 692 altos
860 627 991 694 nubium
1011 640 1128 692 tractus
1146 625 1271 704 evehit,
1295 625 1348 691 ubi

421 765 486 815 nos¹
502 745 649 829 suspensi
681 760 714 809 et
744 746 833 826 quasi
861 750 1000 831 μετέωροι
1023 744 1111 810 firma
1138 744 1352 827 cognoscendi

421 860 573 945 principia
605 860 770 926 habeamus
808 862 912 938 nulla,
950 861 1007 927 sed
1032 877 1182 945 vagemur
1226 874 1352 925 temere.

423 977 527 1043 Lente
540 977 604 1042 ille
627 978 777 1059 quidem,
799 980 855 1042 sed
885 976 974 1042 firmo
993 979 1088 1062 gradu
1109 991 1353 1058 constanterque

421 1093 587 1179 procedit,
617 1108 649 1159 et
678 1111 737 1158 nos
767 1092 939 1176 profecto,
973 1111 1142 1177 postquam
1173 1095 1269 1160 semel
1298 1113 1354 1178 per

422 1209 654 1293 disciplinarum
685 1209 962 1290 disquisitionem,
995 1230 1067 1276 cum
1102 1211 1255 1290 aliarum,
1287 1227 1355 1277 tum

427 1326 608 1411 praesertim
636 1326 835 1407 dialecticae,
858 1328 890 1392 in
922 1330 1072 1396 mundum
1092 1335 1214 1408 νοητὸν,
1239 1330 1280 1393 ad
1309 1328 1359 1409 ip«

426 1463 478 1509 sas
507 1443 591 1509 ideas
612 1441 868 1526 pervenerimus,
891 1443 951 1509 erit
979 1444 1073 1509 nobis
1102 1444 1178 1510 haec
1199 1444 1268 1510 sive
1292 1444 1357 1510 dia·

427 1561 536 1627 lectica
551 1561 622 1626 sive
649 1562 858 1641 metaphysica
892 1561 962 1627 sive
997 1581 1200 1645 quocumque
1234 1564 1357 1627 tandem

429 1679 555 1744 nomine
585 1679 658 1743 haec
683 1677 846 1760 disciplina
880 1680 1018 1745 vocanda
1046 1679 1109 1759 sit,
1138 1697 1204 1745 non
1223 1680 1359 1762 labyrin·
1413 1754 1415 1759 ,

430 1796 528 1876 thus,
550 1795 583 1860 in
600 1814 665 1878 quo
680 1814 848 1862 coecorum
871 1796 968 1861 instar
988 1795 1189 1876 oberremus,
1207 1797 1262 1861 sed
1284 1815 1360 1876 qua·

429 1911 459 1977 si
482 1915 609 1994 specula
631 1913 690 1978 erit
718 1912 889 1992 quaedam,
913 1913 994 1977 unde
1017 1912 1216 1995 prospiciens
1238 1913 1269 1978 in
1291 1931 1360 1976 orn«

431 2046 487 2097 nes
513 2042 617 2111 partes
643 2029 855 2112 philosophus

472 2198 556 2262 Hinc
576 2200 729 2264 horminum
758 2219 879 2264 errores
898 2200 986 2279 longe
1006 2200 1129 2277 lateque
1144 2213 1205 2280 per
1221 2196 1321 2258 orbem

472 2316 655 2405 Despi'cerc,
665 2332 761 2397 arque
771 2312 899 2375 humiles
914 2312 1008 2395 possit
1024 2325 1216 2375 contemnere
1230 2330 1338 2376 curas.

476 2494 538 2559 Sed
573 2511 650 2557 vana
677 2504 726 2556 est
757 2489 858 2553 omnis
885 2488 925 2554 dc
953 2487 1128 2571 disciplinis
1158 2487 1337 2569 disquisitio
1351 2534 1380 2569 ‚.

433 2609 495 2677 nisi
515 2608 588 2674 illos
616 2607 913 2673 consideraverimus
944 2605 1041 2687 item,
1064 2605 1181 2687 quibus
1203 2624 1254 2675 eas
1275 2607 1366 2675 trudi·

434 2728 498 2791 turi
514 2742 648 2806 sumus,
669 2743 841 2805 eommque
855 2710 992 2790 indolem
1008 2738 1105 2806 atque
1114 2723 1274 2807 ingenium
1292 2742 1366 2806 pcr-

432 2842 642 2924 spernimus.
697 2841 764 2927 Hac
798 2841 871 2907 item
907 2842 939 2907 in
968 2859 1002 2907 re
1031 2841 1119 2907 Plato
1157 2857 1247 2920 non,
1278 2843 1366 2922 quod

435 2970 550 3045 postea
569 2957 709 3040 factum,
730 2957 903 3038 abstracte,
926 2975 961 3023 ut
986 2973 1139 3038 vocatur,
1162 2958 1366 3042 philosopha·

433 3093 490 3147 uus
520 3092 592 3157 ost,
613 3077 669 3143 sed
693 3075 828 3141 hominis
851 3075 1018 3159 praecipue
1040 3076 1255 3158 humanaeque
1277 3090 1368 3142 natu·

324 3168 329 3176 ’
438 3192 671 3263 sacrationem
699 3191 819 3257 habuit.
863 3192 968 3257 Paruit
1001 3193 1034 3258 id
1051 3193 1146 3260 nobis
1169 3193 1202 3260 in
1222 3195 1366 3278 superio·

436 3311 554 3387 ribus',
585 3326 684 3389 quum
705 3309 745 3374 de
772 3309 888 3376 musica
911 3326 942 3375 et
969 3310 1161 3393 gymnastica
1192 3326 1366 3394 ageremus.

436 3424 640 3495 .crrstodibus
670 3424 809 3492 civitatis
839 3429 895 3493 has
928 3442 1008 3493 artes
1041 3425 1208 3507 adhibuit,
1252 3437 1288 3489 ut
1315 3442 1370 3495 ‚exi

433 3545 616 3611 colerentur
640 3542 699 3608 rite
727 3558 823 3625 atque
852 3546 891 3611 ad
915 3542 1133 3611 fortitudinem
1153 3539 1248 3607 simul
1275 3552 1369 3625 atque

433 3660 655 3737 humanitatem
676 3662 913 3729 adducerentur.
938 3658 1036 3743 Quod
1047 3656 1121 3722 fecit
1136 3654 1368 3741 ruoinopere,

432 3799 508 3863 quo
525 3776 698 3862 perfectam
739 3776 927 3862 reipublicae
955 3772 1169 3841 conditionem
1207 3774 1371 3839 adumbra·
1474 3768 1476 3773 ’

436 3897 510 3963 rie:
539 3895 690 3965 Similiter
721 3915 781 3963 nos
809 3896 964 3960 hocloco
988 3893 1028 3957 de
1048 3890 1222 3975 disciplinis
1249 3890 1371 3971 disqui-

431 4009 550 4099 rituti,
572 4031 708 4083 noncas
724 4013 836 4095 solas,
856 4013 943 4095 ipsas
969 4028 1027 4093 pcr
1055 4029 1091 4077 sc
1116 4024 1236 4077 tanturn
1265 4008 1373 4101 tunsi·

428 4168 434 4181 ·
448 4158 489 4199 :trs
1317 4127 1371 4195 de.
