2992 5220
635 440 834 502 -116—

274 604 354 706 cus,
387 625 465 708 quac
499 624 530 688 in
558 623 607 688 his
625 612 719 688 *sunt
764 620 905 687 animalia
937 632 1119 688 venaturus.
1152 663 1200 677 -

273 741 422 827 Quidni?
450 781 499 794 -
522 738 670 821 Sophista
699 754 801 802 autem
825 738 858 801 in
880 751 989 801 terram
1011 752 1042 802 et
1060 736 1118 805 aiia
1144 738 1204 802 flu·

173 889 177 899 ¹
275 859 380 938 mina,
401 856 499 922 veluti
521 856 553 920 in
571 871 656 938 prata
681 855 830 937 quaedam
846 852 965 919 divitiis
993 870 1024 920 et
1040 859 1204 940 juventute

275 973 497 1054 abundantia‚'
517 991 596 1055 quae
626 972 658 1036 in
687 971 738 1035 his
768 985 843 1036 sunt
884 970 1026 1035 animalia
1056 971 1204 1039 subactu·

276 1111 343 1157 rus.
355 1134 404 1151 ··-
425 1090 501 1174 Quo
518 1089 596 1155 illud
613 1090 735 1172 pacto?
756 1122 804 1143 ν·-
822 1092 996 1173 Πεζοθηρίας
1013 1088 1093 1154 duae
1111 1088 1209 1154 maxi·

275 1218 342 1268 ruae
375 1219 475 1286 partes
501 1182 592 1270 sunt(
620 1231 669 1245 -
699 1203 810 1288 Qualis
839 1204 995 1285 utraque?
1015 1232 1063 1245 -
1101 1206 1209 1271 Altera

274 1321 441 1402 cicurum,
472 1320 639 1400 agrestium
668 1322 773 1386 altera.
809 1357 856 1371 ·—
887 1322 986 1387 Estne
1012 1309 1092 1387 'vero
1121 1322 1207 1388 cicu-

275 1456 345 1502 rum
366 1437 457 1502 etiam
484 1436 606 1501 venatio
634 1436 816 1516 quaedam?
841 1470 887 1486 ···
907 1436 968 1500 Est
998 1436 1147 1518 omnino,
1177 1440 1207 1502 si

273 1532 402 1637 'quidem
428 1542 535 1619 *homo
564 1555 651 1618 cicur
681 1553 793 1617 animal
826 1570 888 1618 est.
931 1553 1017 1618 Pone
1051 1571 1128 1619 vero
1159 1552 1207 1617 uti

276 1667 401 1755 ¹placet,
435 1670 509 1754 vel,
550 1689 616 1736 non
645 1671 731 1734 cicur
763 1689 833 1735 esse
870 1669 981 1734 animal
1021 1670 1206 1752 hominem,

275 1790 332 1855 sed
373 1803 493 1873 agreste
505 1814 516 1889 ι·
535 1780 714 1871 quoddam,
733 1791 797 1882 ·vel
837 1786 923 1853 cicur
960 1805 1051 1868 esse,
1091 1788 1208 1853 nullam

277 1904 352 1973 ¹vero
380 1927 448 1971 esse
487 1907 660 1972 hominum*
679 1905 887 1972 venationem.
933 1905 1018 1970 Haec
1047 1920 1211 1972 utrocum-

273 2033 339 2106 ‘que
358 2026 461 2088 'modo
487 2024 544 2089 tibi
572 2027 691 2109 placet,
723 2025 769 2089 sic
798 2021 940 2089 definito.
963 2022 1103 2104 -Ego
1133 2043 1209 2090 vero

278 2137 311 2205 'et
338 2116 463 2205 riosuret¹
484 2161 574 2222 esse,
596 2164 617 2207 o
640 2143 793 2225 Hospes,
823 2139 909 2205 cicur
934 2140 1045 2205 animai
1070 2140 1210 2206 ‘arbitror

276 2267 312 2322 'et
341 2256 504 2321 hominum
534 2277 603 2322 esse
623 2260 818 2321 venationem
840 2256 923 2320 dicu.
966 2282 1016 2297 -
1046 2257 1209 2338 Duplicem

271 2374 535 2456 'igituresseaiau
552 2350 922 2455 iuapaiaprxiudicamus,
944 2399 993 2414 -·
1015 2372 1086 2457 Qua
1117 2371 1210 2437 ratio·
1285 2384 1293 2400 ⁶

275 2490 348 2553 rie?
365 2516 416 2535 ·-
434 2480 680 2564 praedatorum,
711 2493 973 2571 ἁνδραποδιςικὴν,
992 2488 1208 2572 tyrannicam,

217 2692 219 2697 .
273 2605 421 2668 bellicam
438 2608 582 2683 bruneus,
605 2620 716 2669 cuncta
731 2604 806 2669 haec
821 2605 990 2670 violentam
1012 2607 1211 2674 venationem

282 2716 484 2797 appellamus.
497 2748 546 2764 ·-
555 2718 663 2784 Recte.
677 2718 826 2802 -Quae
843 2720 1092 2803 vero'judicandu
1114 2722 1150 2785 fit
1160 2726 1208 2788 vei

274 2830 498 2899 ‘concionando
517 2837 567 2898 vel
594 2834 886 2912 conciliarido,uno
906 2834 1004 2898 verbo
1031 2836 1214 2922 aeiaaovpyg.

275 2957 334 3032 ’κῆν
347 2952 499 3034 quandam
513 2966 610 3016 artem
629 2947 776 3015 dicimus.
791 2977 840 2995 -
858 2949 952 3014 Bene.
963 2976 1011 2993 -
1026 2957 1215 3039 Πιθανουρῃ.

282 3075 335 3149 ain
363 3085 464 3137 autem
500 3070 577 3134 duae
602 3085 704 3150 partes
732 3072 821 3130 sunu'
841 3096 889 3112 -
910 3067 1026 3152 Quales
1049 3066 1145 3135 illae?
1166 3106 1214 3122 ·-

274 3176 387 3252 alteia
405 3184 571 3266 privatim,
594 3183 719 3265 publice
738 3184 831 3248 altera
853 3182 901 3249 fit.
933 3214 981 3230 —
1003 3187 1115 3252 Exstat
1135 3183 1218 3255 utra·

273 3311 344 3383 'que
362 3300 496 3382 species.
544 3335 591 3355 ·-
612 3297 844 3384 Ἰδιοθηρέυτικῆς
872 3315 974 3367 autem
995 3323 1065 3385 pars
1094 3300 1218 3390 μισθκῤ-

273 3392 396 3495 ‘aeuarair
427 3416 496 3496 est,
517 3418 611 3480 altera
639 3421 824 3502 δωροφορικῆ.
847 3446 896 3463 ···
914 3420 994 3485 Non
1014 3420 1168 3500 intelligm
1183 3455 1214 3470 -

197 3613 200 3620 Ι
273 3511 466 3599 'Auratoriam'
489 3532 716 3598 'venationem'
740 3535 879 3598 nondum
918 3508 1086 3595 attendisse
1125 3535 1214 3601 vide·

273 3648 337 3716 ris.
358 3633 414 3696 ὲ·
427 3650 499 3735 Qua
520 3649 552 3712 in
582 3648 640 3713 re?
675 3687 722 3711 -,-
743 3649 839 3730 Quod
870 3647 954 3725 illis,
990 3666 1071 3728 quos
1100 3670 1215 3719 venari.

281 3743 322 3826 do
339 3752 520 3837 repetatne,
536 3773 674 3819 -nrunera
699 3755 829 3834 insuper
862 3752 1022 3819 adhibent.
1057 3790 1104 3811 -
1134 3761 1214 3827 vera

273 3865 465 3941 uarras.--
485 3869 569 3933 Haec
598 3869 694 3950 igitur
722 3865 885 3930 amatoriae
908 3870 986 3933 artis
1022 3873 1216 3954 species'es-

207 4073 209 4077 ,
270 3979 329 4058 iu.
351 4018 400 4036 ···
420 3977 655 4067 Μισθαρνευτικὴ
676 4000 750 4052 vero
779 3981 892 4066 partim
917 3986 1082 4068 gratiafit
1106 3986 1216 4059 et'vo·
1292 3992 1294 3997 ’

349 4120 355 4135 “
711 4120 717 4133 ’
1144 4108 1215 4192 lup·
