2992 5220
657 478 832 544 -33-

276 634 399 703 discere
424 651 457 701 et
484 652 593 702 verum
612 635 719 700 videre
741 653 772 702 et
793 638 979 720 pristinam,
1012 630 1076 718 qua
1090 639 1200 705 desti-

276 750 338 814 tuti
374 767 504 830 sumus,
541 748 722 817 felicitatem
740 751 901 818 obtinere
937 770 1111 836 possumus
1149 755 1202 821 de·

276 884 354 931 nuo.
717 925 749 943 .,

316 981 497 1063 Abhorret,
535 979 657 1063 fateor,
691 984 752 1048 hoc
784 983 932 1068 placitum
953 986 1132 1068 Platonis,
1162 1002 1199 1054 ut

275 1098 371 1162 modo
397 1097 486 1178 dixi,
518 1117 535 1162 a
573 1113 680 1165 nostra
705 1101 950 1184 philosophandi
983 1100 1126 1183 ratione,
1148 1111 1206 1169 'at-

278 1229 363 1294 que,
397 1226 434 1277 ut
464 1213 557 1279 ducta
595 1232 634 1279 tx
662 1221 741 1301 μυθῷ
767 1215 823 1282 illo
856 1217 896 1283 de
925 1216 1019 1284 animi
1052 1218 1206 1285 conditio·

279 1345 319 1394 ne
335 1328 467 1411 pristina
492 1344 562 1409 est,
589 1329 632 1394 ita
661 1336 798 1414 poeseos
826 1331 939 1419 habere
964 1335 1089 1420 magis,
1111 1350 1205 1418 quam

274 1444 516 1530 philosophiae,
538 1448 676 1513 colorem
704 1449 857 1515 videatur.
902 1450 965 1516 Sed
994 1450 1108 1517 habent
1128 1455 1206 1534 pod-

274 1577 325 1629 tae
353 1565 475 1643 multa,
497 1577 533 1629 ut
561 1563 632 1647 ipse
657 1565 875 1632 animadvertit
894 1567 1004 1648 Plato,
1028 1584 1109 1648 quae
1131 1585 1207 1649 qua·

273 1678 451 1762 liacumque
491 1680 636 1761 tandein,
668 1683 831 1749 veritatem
869 1696 971 1750 tamen
1010 1675 1204 1751 cdndn'emt.

277 1807 362 1864 Θεῖον
388 1798 443 1873 tl,
464 1793 531 1875 ait,
559 1800 594 1864 τὸ
619 1803 768 1874 ποιητικὸν
790 1801 840 1867 καὶ
873 1802 1036 1871 {adamando
1068 1800 1098 1868 ir
1118 1800 1205 1879 γένος

276 1914 422 1994 ὑμνῳδοῦν
447 1918 566 1979 πολλῶν
596 1918 654 1979 τῶν
684 1918 753 1981 κατ’
774 1917 915 1990 &andriaca
948 1917 1131 1996 γιγνομὲνων
1150 1917 1206 1997 ξύν

275 2052 339 2096 truc
359 2028 464 2110 Χάρισι
481 2025 533 2112 καὶ
552 2029 689 2103 Μούσαις
710 2029 886 2112 ἐφάπτεται
906 2031 1043 2100 insistet·
1055 2026 1088 2074 ‘¹‘
1108 2024 1206 2115 Quod

278 2140 311 2205 in
332 2141 393 2207 hoc
416 2159 489 2208 sane
510 2141 611 2226 ipsius
631 2142 780 2225 placitum
801 2145 952 2225 quadrare
971 2144 1095 2211 videtur
1111 2142 1208 2211 marti-

276 2275 338 2325 me.
383 2258 466 2327 Nam
494 2260 563 2326 sive
588 2259 714 2343 poetice
742 2260 810 2336 sive
836 2259 1083 2344 philosophice,
1115 2275 1207 2328 natu-

277 2394 341 2440 ram
358 2389 444 2440 certe
468 2373 605 2440 hominis
628 2376 795 2440 declaravit
814 2393 853 2440 eo
882 2374 1117 2455 philosophus:
1140 2392 1220 2462 non*

277 2509 349 2557 esse
372 2490 474 2576 ipsius
498 2489 634 2553 animum
665 2506 723 2569 per
753 2505 789 2552 se
816 2504 975 2565 vacuum,
1006 2484 1096 2566 quasi
1121 2484 1206 2550 scili·

276 2620 350 2688 cet,
385 2603 540 2688 quidquid
567 2604 716 2685 haberet,
749 2603 781 2669 id
808 2602 952 2686 corporis
980 2601 1107 2669 deberet
1129 2620 1201 2669 sen·

278 2722 389 2789 sibusa
423 2721 469 2787 sic
493 2719 574 2787 enim
611 2719 639 2785 si
671 2737 720 2785 res
740 2734 789 2786 ¹se
813 2719 963 2800 haberet,
994 2736 1060 2784 non
1089 2718 1131 2785 ita
1151 2737 1207 2805 tp·

283 2855 315 2907 te
349 2856 487 2920 vereque
527 2837 566 2902 ad
608 2836 790 2920 propositas
809 2851 812 2855 ·
833 2835 1093 2920 interrogationes
1118 2857 1207 2905 -cuot

277 2975 403 3023 servum
439 2955 471 3020 in
500 2954 676 3035 Menone,
698 2968 764 3018 tum
790 2953 835 3019 in
869 2953 1042 3019 Theaeteto
1070 2972 1204 3039 puerum

278 3072 467 3157 respondere
489 3042 659 3155 potuisse}
693 3071 750 3137 sed
771 3070 905 3136 animum
928 3085 1094 3152 nostrum,
1123 3090 1157 3138 ac
1178 3070 1208 3136 si

276 3189 414 3255 nutritus
441 3187 555 3254 suisset
586 3204 675 3254 antea
695 3207 729 3254 ac
759 3188 859 3254 veluti
877 3203 987 3270 pastus
1015 3161 1049 3253 in
1067 3187 1207 3255 veritatis

276 3325 406 3390 campo,
430 3324 468 3372 eo
489 3323 572 3369 nunc
595 3322 669 3371 esse
694 3306 828 3388 vigore,
853 3308 889 3369 ea
910 3304 1051 3369 discendi
1071 3323 1208 3388 cognos-

275 3421 430 3502 cendique
456 3419 623 3499 facultate,
650 3433 712 3499 ut,
745 3418 922 3484 admonitus
952 3419 1076 3485 aliunde
1097 3432 1129 3484 et
1156 3437 1210 3501 ert-
1302 3454 1326 3500 ·.

278 3536 417 3615 citatus,
439 3535 584 3617 ipseper
611 3551 646 3599 se
674 3532 798 3600 veritati
819 3534 956 3600 studeat.
1000 3534 1113 3617 Ipsum
1131 3536 1209 3602 adeo

278 3649 427 3734 placitum
457 3649 499 3716 ita
540 3660 668 3715 naturae
695 3650 843 3734 congruit
881 3649 994 3717 mentis
1034 3649 1209 3735 humanae,

278 3783 315 3832 ut
344 3767 376 3832 in
403 3765 628 3834 recentioribus
650 3765 767 3834 fuerint
797 3767 991 3850 Platonicis,
1015 3769 1069 3853 qui
1092 3769 1211 3836 Home·

1173 3905 1210 3953 ro

269 3998 276 4010 ’
316 4033 356 4104 (ι)
376 4034 441 4105 teg.
460 4038 518 4093 111.
537 4041 596 4096 aaa.
610 4043 644 4095 n.

730 4144 759 4210 C
