2992 5220
639 486 834 552 ..ψ-

272 658 373 710 autem
395 643 524 714 formam
554 646 665 714 attinet
679 649 850 733 dmmatis,
867 647 966 729 magis
988 646 1040 712 llle
1051 646 1193 731 Sophro-

273 778 367 842 uern,
389 782 481 844 quarn
490 764 628 831 comicos
650 764 788 831 imitatus
807 765 944 849 viduor.
965 763 1058 830 Hunc
1074 778 1193 847 quanto

274 879 346 944 loco
360 879 520 962 habuerit,
529 896 683 949 testantur
696 899 830 952 veteres.
851 883 888 951 Ε.
898 881 1001 949 Sicilia
1009 881 1077 966 ejus
1084 879 1197 948 mimtu

274 994 415 1065 Athenas
423 997 573 1065 detulisse
583 998 697 1066 dicitur
709 1018 828 1082 eosque
845 1000 890 1065 sic
902 999 1074 1083 probasse,
1096 1014 1198 1065 utoos

272 1113 445 1196 togeuario.
460 1116 578 1200 'major
613 1100 800 1201 suppositos
835 1114 992 1200 pulvinari
1027 1113 1195 1194 habuerit,

274 1230 310 1292 in
328 1251 387 1316 quo
404 1229 620 1298 obdormientis
637 1254 668 1299 or
690 1231 774 1299 lllod
798 1231 964 1312 diuinum,
986 1244 1022 1298 ut
1041 1230 1083 1297 ait
1104 1230 1198 1297 Valc-

250 1345 465 1435 ¹lreuaerius,
507 1349 693 1418 reclinabat.
726 1345 759 1392 ω
806 1349 852 1415 Et
870 1374 877 1415 ς
893 1365 970 1416 sane
998 1345 1116 1429 placida
1142 1346 1202 1413 ho·

277 1483 345 1530 mm
376 1465 544 1532 mimorum
569 1465 776 1550 inprimisque
808 1463 940 1548 dialogis
960 1479 1032 1547 apta
1050 1463 1133 1535 ratio
1160 1481 1201 1531 ex
1254 1537 1259 1548 ‚

254 1578 446 1648 ‚Theocriti
486 1582 671 1667 intelligitur
705 1581 952 1648 Pharmaccutria
984 1594 1017 1648 ot
1059 1580 1201 1647 Adonis-
1313 1650 1315 1655 ⁴

279 1696 389 1776 susis,
412 1715 491 1778 quoe
514 1696 588 1770 inde
606 1696 771 1764 informata
788 1708 880 1763 suut.¹
919 1697 1002 1777 Sed,
1024 1697 1204 1779 qualiscun·
1274 1701 1277 1710 '

279 1826 343 1890 que
365 1811 487 1877 tandem
509 1810 626 1895 'dialogi
652 1811 802 1878 Platonici
825 1830 842 1876 a
862 1813 1065 1880 comicorum
1085 1828 1117 1882 et
1132 1813 1203 1882 Lu·

279 1924 359 1993 citui
378 1925 581 1993 dmmatibus.
597 1925 761 1993 diversitas
784 1925 849 2006 sit,
872 1924 951 1993 illud
974 1928 1014 1992 de
1031 1928 1205 1998 Aristotele

278 2041 551 2109 animadvertamus
571 2041 728 2123 maxime,
757 2040 893 2127 dialogos
916 2059 987 2107 eum
1019 2042 1204 2111 destinavis-
1255 2027 1261 2037 ’

279 2176 314 2227 se
339 2159 528 2244 argumentis
560 2158 787 2244 popularibus,
816 2157 956 2225 interiori
988 2177 1064 2225 uero
1087 2160 1205 2226 doctri·

281 2292 340 2342 uae
365 2278 651 2357 commentationes,
674 2295 772 2358 quum
798 2277 889 2345 Plato
915 2276 1044 2361 dialogis
1066 2279 1206 2363 comple-

280 2410 342 2463 xus
368 2390 471 2456 omnia
496 2390 621 2459 fuisset.
652 2393 758 2480 Unde
782 2392 944 2476 inprimis
971 2392 1205 2460 Platonicorum

281 2507 555 2590 scriptorumnon
582 2508 641 2575 dos
669 2523 701 2574 et
729 2506 980 2589 commendatio,
1002 2507 1058 2574 sed
1082 2524 1204 2575 natura
1274 2576 1278 2581 .

288 2624 432 2692 efficitur.
475 2624 566 2712 Quae
595 2624 678 2691 enim
715 2624 859 2691 dramatis
885 2623 988 2691 forma
1017 2625 1102 2709 apud
1120 2643 1204 2701 ,eum

283 2741 386 2814 allexit
421 2741 460 2809 ad
497 2742 660 2827 legendum
698 2741 1049 2826 philosophandumque
1074 2742 1207 2828 {elegan-

283 2858 372 2926 tioris
402 2858 518 2943 ingenii
553 2858 719 2940 homines,
760 2860 831 2924 talis
867 2859 943 2925 haec
970 2858 1088 2927 scilicet
1116 2875 1205 2940 erat,

284 2991 322 3041 ut
343 2973 493 3045 resitem
514 2974 908 3062 caperetobstrusissimas.
952 2975 1139 3060 Respondet
1156 2976 1209 3067 illa

285 3095 376 3177 plane
401 3092 463 3176 ipsi
494 3093 631 3160 Socratis
653 3093 898 3177 philosophiae,
921 3112 1002 3176 quae
1022 3092 1124 3160 doctis
1143 3111 1211 3161 nou

280 3200 365 3291 alia,
395 3211 453 3278 alia
473 3209 608 3277 indoctis
630 3208 711 3290 fuit,
742 3213 798 3277 sed
828 3210 944 3294 pariter
970 3210 1115 3291 utrisque
1134 3229 1213 3279 con·

265 3324 441 3403 'ueniebam
485 3325 593 3389 Sermo
613 3325 667 3388 vix
687 3323 816 3406 cogitari
837 3325 1010 3404 simplicior
1030 3339 1062 3389 et
1081 3323 1210 3393 familia-

287 3439 423 3515 riuitae
442 3437 661 3521 consuetudini
690 3436 930 3503 convenientior
957 3450 1085 3521 potest,
1118 3457 1212 3520 quam

289 3573 354 3637 quo
385 3553 419 3620 in
443 3552 580 3643 Phaedro
601 3552 641 3618 de
657 3552 791 3629 ,dicendi
818 3552 1047 3640 scribendique,
1061 3568 1127 3620 arte
1149 3555 1216 3642 agi·

290 3685 362 3753 tur:
383 3668 580 3754 amplectitur
599 3685 702 3737 autem
721 3669 803 3736 idem
822 3688 927 3737 senno
948 3669 1111 3738 sublimem
1128 3671 1213 3742 illam

290 3790 331 3856 de
349 3789 461 3875 pulcro
482 3800 513 3880 ct
532 3805 639 3853 amore
658 3786 855 3868 doctrinam,
877 3805 958 3869 quae
989 3786 1056 3872 ipsa
1075 3789 1215 3857 continet

1147 3906 1218 3974 uni·

328 4049 369 4119 (ι)
388 4046 488 4105 vuol.
505 4050 539 4104 sd
560 4051 678 4106 Theoer·
698 4050 829 4111 idonius.
846 4069 875 4120 p.
893 4049 960 4125 19⁴,
