2992 5220
516 496 568 515 --
588 456 630 532 ht,
649 492 694 512 -

142 645 204 714 hoc
224 641 329 727 ipsum
356 626 487 709 de‘sese
506 640 551 708 (¹).
594 640 665 711 Nec
688 659 765 710 vero
794 638 851 722 id,
871 654 983 710 nostro
1000 632 1073 728 qui·¹

132 761 211 851 ‘dem
249 759 391 846 judicio,
434 777 473 825 ex
502 757 690 845 granditate
726 757 890 826 verborum
923 774 1068 845 tantum,

142 878 199 944 sod
227 878 327 942 multo
356 876 446 942 etiam
473 873 649 942 evidentius
678 894 717 942 ex
744 890 814 940 toto
846 876 1069 943 Demosthenis

142 1007 271 1077 apparet
298 990 417 1059 dicendi
449 1009 582 1077 genere,
616 992 702 1074 quod
732 992 843 1057 mirum
879 992 911 1057 in
941 979 1074 1059 modum

144 1110 337 1177 Socraticum
364 1123 465 1175 estet
497 1108 704 1174 Platonicum.
749 1104 831 1174 Nam
864 1125 961 1191 quum
983 1111 1071 1193 prin·

142 1225 223 1311 cipis
261 1227 355 1308 huius
395 1223 538 1289 Oratoris
583 1228 699 1307 scripta
737 1243 808 1289 cum
851 1242 1069 1309 caeterorum,
1117 1280 1127 1299 ‚

143 1344 200 1428 qui
226 1354 486 1426 praecesserunt,
529 1340 724 1407 orationibus
756 1359 996 1426 comparamus,
1035 1328 1077 1410 in'

141 1459 204 1526 iilis
229 1458 356 1541 quidem
376 1472 503 1523 naturae
529 1457 591 1524 vim
620 1471 653 1524 et
672 1455 905 1540 persuasionem
926 1457 1071 1546 agnosci·

142 1594 239 1657 mus,
260 1575 443 1673 admiramur
463 1573 554 1640 etiam
577 1590 679 1640 rerum
711 1565 913 1640 humanarum
950 1574 1071 1660 perspi·

142 1692 310 1772 cientium,
342 1691 519 1757 interiorem
543 1703 671 1755 naturae
702 1691 852 1757 humanae
880 1691 1074 1775 pervestiga-

144 1809 285 1876 tionem:
318 1806 501 1873 admiramur
531 1824 602 1870 cunr
624 1807 674 1870 his
696 1809 894 1890 conjunctam
919 1807 1073 1877 orationis

40 1929 44 1941 '
141 1923 208 1992 vim
235 1923 420 2006 singularem
447 1934 480 1985 et
512 1919 755 2000 sublimitatem3
790 1921 845 1986 sed
866 1941 1073 2007 quascunque

143 2041 264 2109 undem
284 2041 421 2125 tegamus
442 2036 512 2103 sive
534 2035 566 2101 tn
593 2035 791 2120 Thucydidis
828 2037 980 2119 historia,
1003 2012 1078 2107 srve'

142 2158 226 2243 opud
253 2157 341 2239 ipsos
370 2168 509 2220 oratores
545 2153 727 2230 orationes,
755 2173 795 2220 ne
830 2154 882 2220 vel
912 2154 1073 2223 Aeschine

143 2275 233 2341 etiam
262 2287 417 2356 excepto,
438 2271 661 2337 Demosthenis
690 2274 837 2351 tomulo,
860 2272 1069 2340 desideramus

144 2390 179 2458 in
209 2390 270 2457 illis
299 2388 469 2466 omnibus,
497 2404 587 2468 quam
619 2386 686 2468 ipsa
719 2382 907 2452 desideravit
937 2389 1073 2470 antiqui·

146 2519 216 2588 tas,
233 2507 386 2583 δεινότητα
407 2502 512 2582 illam,
536 2520 626 2582 quam
651 2499 803 2567 vocabant
823 2500 936 2568 Graeci
951 2552 963 2585 ,
977 2525 1073 2588 quae·

145 2641 210 2707 que
232 2621 286 2690 uni
303 2618 404 2686 fuisse
424 2617 551 2702 propria
569 2618 774 2685 Demostheni
793 2618 928 2686 videtur.
941 2616 974 2664 ‘¹‘
996 2623 1074 2689 Erat

147 2739 224 2807 haee
251 2752 353 2805 autem
382 2733 647 2827 inDemosthene
669 2736 846 2820 ejusmodi,
870 2752 905 2804 ut
933 2736 1072 2809 Socratis

148 2855 277 2925 referret
312 2856 499 2940 redierim,
529 2851 625 2920 libere
658 2854 840 2920 sententiam
875 2854 1008 2922 diceret·
1035 2860 1086 2926 de·

150 2973 340 3062 gravissimis
372 2970 560 3053 reipublicae
581 2971 725 3051 caussis,
747 2989 804 3038 nec
826 2970 1022 3057 principibus
1040 2973 1074 3040 in

147 3090 273 3156 civitate
296 3086 372 3155 viris
401 3103 459 3153 nec
489 3085 550 3169 ipsi
572 3087 694 3171 populo
716 3101 878 3171 parceret,
900 3085 928 3153 si
948 3088 1075 3171 quidem

149 3204 219 3274 sive
247 3206 322 3272 dolo
349 3203 417 3286 illi,
439 3203 507 3270 sive
526 3202 576 3268 hic
593 3202 764 3287 ignorantia
795 3219 826 3268 et
858 3205 984 3269 levitate
1004 3220 1079 3287 pee-

150 3335 272 3402 casset,
294 3322 425 3387 salutem
447 3319 575 3383 omnino
597 3318 753 3400 publicam
786 3332 928 3399 spectare
961 3318 1075 3401 unice,

150 3458 238 3505 surm
258 3438 455 3518 aliorumque
475 3434 530 3499 vix
556 3433 695 3517 cogitare
713 3432 882 3498 videretur.
912 3432 974 3498 Sed
992 3430 1093 3503 ucce-¹

151 3555 266 3621 debent
291 3552 369 3632 alia,
391 3549 535 3634 inprimis
562 3549 729 3615 Socratico.
785 3548 862 3616 Non
892 3550 991 3618 libere
1012 3566 1081 3637 tan·

153 3689 221 3740 tum
242 3686 274 3739 et
294 3669 411 3755 patriae
430 3668 555 3768 ductus¹
576 3685 681 3734 amore
709 3666 830 3734 dicebat
852 3668 1001 3753 publice,
1025 3666 1091 3737 sed

1026 3798 1110 3871 1³⁸⁴>

171 3946 175 3955 ’
191 3950 231 4024 (ι)
251 3954 310 4009 Cic·
328 3953 414 4009 Bruto
435 3971 460 4013 e·
479 3953 523 4009 δι.
541 3952 586 4011 Cf.
604 3953 681 4010 oeae
700 3974 724 4009 e.
744 3954 771 4010 4.
789 3954 862 4010 Pina.
878 3907 906 4010 in
923 3957 980 4011 vit·
1000 3926 1090 4025 nm,

158 4061 183 4121 c'.
210 4074 236 4121 1.
324 4044 828 4138 (s)Dioayad1ai.urpiriednpta
851 4054 952 4123 irruis:

608 4157 633 4220 F
