2992 5220
652 430 825 506 ...98-

274 631 340 693 qno
375 609 499 693 plenius
533 609 565 672 id
606 605 836 690 intelligamus,
878 625 944 687 quo
977 607 1198 689 perspiciamus

263 726 431 804 interius,
455 741 534 806 quae
557 723 596 788 de
619 722 755 811 Platonis
781 722 935 786 sententie
962 739 1032 786 veta
1051 723 1200 802 eloquen-

273 845 339 922 tia,
363 842 440 925 quid
460 838 589 905 omnino
617 838 649 903 in
670 838 739 921 ipsal
759 839 940 921 eloquentia
962 859 1117 905 summum
1138 841 1201 922 sit,

273 960 323 1025 vis
352 959 444 1025 nobis
471 955 691 1041 philosophiae
712 955 751 1020 ad
777 955 859 1022 bene
879 955 1041 1021 dicendum
1070 974 1109 1021 ex
1126 955 1204 1039 ipsis
1229 932 1234 945 ⁵

275 1075 496 1160 philosophiae
524 1071 687 1156 principiis
714 1073 893 1138 declaranda
921 1089 987 1139 est:
1020 1073 1077 1139 erit
1101 1086 1203 1139 autem

274 1193 344 1277 ipse
372 1193 465 1258 nobis
492 1192 601 1269 Plato,
624 1190 656 1254 in
677 1189 731 1254 hac
759 1190 938 1272 praesertim
964 1189 1204 1272 disquisitione,

278 1312 343 1376 dux
375 1322 406 1374 et
433 1307 580 1391 magister
608 1305 759 1389 optimus.

319 1425 401 1491 Nam
422 1439 458 1489 ut
476 1422 636 1506 Apologia
663 1422 715 1487 ille
734 1421 919 1501 scribendi,
942 1421 1106 1488 scribendo
1129 1423 1203 1489 item

281 1543 487 1621 Menestas,
519 1540 693 1621 exemplum
720 1538 804 1604 dedit
833 1555 924 1603 sanae
948 1537 1209 1623 incorruptaeque

275 1656 493 1738 eloquentiae,
516 1653 558 1718 ita
590 1653 621 1717 in
641 1654 781 1718 Phaedro
803 1654 1048 1737 praesertimque
1067 1656 1098 1720 iu
1122 1656 1207 1724 Gor·

275 1771 326 1852 gil
356 1787 394 1834 ex
431 1767 540 1832 intimi
575 1767 779 1852 philosophia
817 1770 1015 1852 eloquentiae
1054 1771 1207 1854 principia
1247 1824 1252 1837 .

277 1885 379 1952 duxit.
421 1885 459 1950 In
484 1884 603 1970 Gorgia
624 1899 726 1951 autem
751 1886 822 1953 dati
842 1889 938 1969 operd
960 1886 1206 1968 demonstravit,

202 2014 209 2028 ·
275 2003 338 2069 nisi
357 2002 434 2073 insit
456 2003 572 2068 oratori
598 2002 823 2087 philosophia,
845 2004 1107 2087 propositumque
1129 2004 1155 2069 is
1177 2004 1209 2068 in

277 2119 409 2185 dicendo
440 2119 549 2185 habeat
577 2138 747 2202 magnum,
768 2123 959 2202 praeclarum
989 2119 1137 2200 tantique
1162 2140 1210 2185 ar·

276 2249 310 2300 te
340 2234 491 2320 dignum,
530 2235 630 2301 levem
665 2235 849 2317 inanemque
876 2255 969 2316 esse,
1014 2236 1206 2317 quinetiam

270 2348 425 2433 abjectam
451 2364 482 2415 et
509 2349 630 2414 civitati
657 2350 863 2433 perniciosam
901 2354 1109 2435 eloquentiam
1142 2373 1209 2418 om-

279 2484 362 2533 nem.
407 2466 518 2547 Itaque
546 2482 581 2532 ut
603 2467 753 2546 haberet,
783 2488 917 2550 quorum
935 2471 1105 2536 sentcntiae
1121 2490 1207 2536 suam

277 2582 349 2664 ipse
377 2583 562 2649 sententiam
586 2598 786 2667 opponeret,
807 2585 965 2668 principes
987 2589 1136 2669 quosdam
1157 2607 1211 2653 so·

278 2698 400 2782 phistas
428 2719 500 2767 cum
529 2701 658 2767 Socrate
679 2703 896 2783 colloquentes
931 2704 1076 2784 induxit,
1121 2704 1205 2769 Gor·

272 2815 383 2900 giem,
416 2817 549 2898 Polum,
582 2818 764 2900 Calliclem,
794 2818 849 2900 qui
879 2837 936 2883 nec
963 2819 1027 2884 veri
1048 2837 1105 2885 nec
1132 2822 1211 2904 justi

280 2935 375 3002 ullam
405 2934 553 3001 habentes
585 2935 759 3014 rationem,
780 2935 868 3021 vulgi
893 2938 996 3002 solum
1019 2956 1122 3002 auram
1141 2958 1212 3020 cap·

277 3065 345 3116 tare
372 3050 504 3116 dicendo
536 3053 710 3119 studerent.
755 3053 800 3119 Et
823 3053 957 3141 primum
979 3054 1105 3134 quidem
1127 3053 1213 3117 Gor·

280 3163 361 3249 giam
383 3164 421 3231 de
443 3165 519 3232 artis
541 3182 650 3234 natum
668 3171 870 3235 disserentem
889 3166 977 3232 fecit.
1023 3168 1104 3232 Nam
1124 3185 1213 3250 post·

283 3301 376 3365 quam
408 3301 496 3349 more
522 3304 583 3350 suo
611 3287 777 3364 Socrates,
801 3284 880 3366 quid
899 3266 983 3351 es'set
1012 3285 1212 3367 eloquentia,

283 3401 424 3484 quidque
438 3399 466 3466 is
483 3401 703 3485 profiteretur,
729 3401 838 3485 quise
860 3405 1057 3483 eloquentem
1079 3403 1212 3480 diecret,
1232 3428 1234 3432 ·

283 3517 502 3599 qrmesiverat,
535 3520 581 3585 sic
620 3520 755 3602 Gorgias
784 3522 823 3587 ad
850 3521 905 3586 has
937 3520 1135 3602 quaestiones
1166 3535 1214 3583 re·

274 3633 442 3712 spondet,
465 3648 501 3698 ut
532 3653 603 3701 esse
635 3636 717 3701 dicat
748 3652 843 3701 artem
874 3636 995 3700 dicendi
1021 3640 1133 3708 πειθοῦς
1165 3636 1215 3710 δη·

276 3753 420 3831 ,mortale
442 3751 494 3832 (ἢ,
510 3756 720 3840 persuasionis
739 3750 938 3835 effectricem,
961 3763 1100 3814 oratores
1112 3760 1214 3814 autem

1160 3884 1215 3948 ap·

320 3994 362 4079 (r)
382 3995 466 4068 Gorg·
485 3999 536 4054 463
555 3999 591 4053 A.
