2992 5220
656 479 835 550 ..51-

278 660 450 737 tocxtlo
476 650 645 721 eduens
671 647 782 718 elicit
812 646 967 730 bellabit
988 644 1035 711 (Ψ.
1078 643 1131 716 ets
1159 645 1212 715 nh

277 758 324 833 illl
351 764 516 852 principiis
542 762 634 842 orsi,
656 779 873 844 quoecumque
903 759 986 845 ipsis
1007 759 1212 827 occurrebant

274 890 343 949 nori
371 880 519 948 sensibus
547 876 766 962 percipienda,
806 877 864 945 sed
890 877 963 948 isso
992 889 1119 957 mmm,
1160 875 1210 943 his

275 1000 328 1064 vel
356 1007 522 1062 ntrmerum
559 995 613 1060 vel
646 1006 762 1060 certam
798 980 1000 1061 numerorum
1034 992 1209 1074 rationem

274 1113 539 1196 proportionem,
580 1111 675 1189 edire
705 1108 859 1193 omnino,
885 1124 1043 1195 tamquam
1072 1124 1211 1194 typum,

274 1227 506 1295 adscribebant.
549 1228 708 1316 Quocirca
723 1239 760 1294 ut
778 1227 853 1294 item
870 1227 1000 1294 nffirmat
1017 1226 1097 1294 ldern
1113 1226 1214 1311 scrip·

275 1359 351 1426 tor,
383 1345 451 1411 aliis
483 1345 699 1431 significarunt
732 1345 802 1412 sive
828 1344 969 1412 numeris
995 1345 1065 1412 sive
1087 1337 1215 1411 rationi-

274 1461 335 1527 bus
360 1461 536 1546 justitiam,
565 1460 634 1528 ullis
657 1450 819 1541 animum,x
840 1461 908 1526 aliis
931 1474 1068 1544 tempus.
1111 1462 1215 1528 Acce·

274 1578 390 1644 debant
413 1594 616 1645 numerorum
639 1577 886 1664 proportiones,
907 1580 1070 1663 demulsi.
1093 1577 1211 1662 quium

275 1713 379 1761 rerum
411 1695 577 1779 ipsiusque
600 1695 740 1763 universi
770 1709 910 1762 naturam
933 1710 966 1762 et
992 1693 1213 1761 commutatio-

274 1829 331 1877 nes
357 1811 566 1894 mplieabant.
615 1813 691 1897 Quo
729 1811 939 1897 intelligitur,
969 1825 1122 1895 quantum
1153 1811 1220 1882 ob·.

276 1929 433 1993 scuritatis
449 1929 635 1995 contrahere
649 1929 792 1994 debuerit
805 1946 916 1994 eornm
936 1928 1077 1994 doctrina
1087 1946 1097 1993 t
1107 1947 1210 2009 ¹quam

274 2041 371 2108 fuerit
399 2042 536 2126 posteris
557 2041 669 2122 facile,
691 2041 747 2122 qui
766 2041 945 2122 ignorarent
959 2038 1120 2104 doctrinae
1137 2059 1215 2124 pro·

274 2159 440 2244 positum,
470 2155 606 2241 speciem
632 2156 731 2241 vulgo
764 2167 923 2222 ostentare
949 2155 1128 2223 reconditae
1160 2168 1210 2224 sa·-

274 2274 429 2360 pientiae:
455 2294 548 2357 qnam
580 2270 654 2340 item
686 2271 780 2339 nobis
805 2270 850 2337 sit
877 2264 1027 2353 difficile,
1044 2270 1108 2336 imo
1130 2274 1208 2340 verti
1307 2298 1309 2302 ·
1359 2322 1364 2331 .

275 2402 404 2475 superet
431 2392 522 2475 plane
544 2387 721 2456 localitatem
745 2402 909 2469 nostram,
930 2388 1035 2455 lumen
1062 2387 1210 2456 adhibere

274 2501 411 2597 'tenebris
440 2508 522 2573 istis.
566 2506 649 2572 Nam
673 2505 796 2590 optimo
826 2503 995 2590 proposito
1019 2500 1208 2591 Pythagorei

273 2630 345 2692 curn
370 2624 519 2709 optimam
549 2623 718 2704 quaerendi
746 2622 897 2689 rationem
923 2622 1089 2690 instituere
1114 2628 1210 2692 cohi·

273 2759 403 2824 rentur,
426 2742 459 2808 in
489 2741 561 2825 ipso
589 2741 658 2807 viae
686 2738 832 2824 ingressu
858 2747 1057 2809 numerorum
1077 2740 1209 2809 veritate
1245 2802 1247 2807 .

273 2858 383 2945 capti,
413 2877 536 2943 eosque
561 2870 718 2925 sectantes
747 2857 863 2939 unice,
898 2857 1047 2925 indeuia
1075 2856 1209 2926 deflere&

272 2993 347 3043 runt
376 2991 409 3042 et
434 2976 567 3043 asburda
595 2976 723 3057 omnia,
756 2975 946 3055 tandemque
967 2974 1014 3040 sic
1043 2975 1127 3039 votis
1152 2980 1207 3041 ex·
1304 2981 1310 2996 ⁴

271 3091 439 3171 ciderunt,
483 3072 520 3157 ui
552 3096 700 3160 numeros
728 3098 788 3176 pro
823 3090 941 3172 rebus,
983 3109 1043 3173 pro
1076 3092 1207 3157 veritate

167 3208 173 3217 ’
273 3202 409 3285 speciem
436 3203 581 3287 inanem,
603 3228 663 3290 pro
680 3210 752 3274 luc'e
770 3205 940 3293 sapientiae
967 3206 1116 3290 mysticae
1135 3204 1207 3292 phi·

274 3317 442 3403 losephiae
467 3318 596 3386 nebulas
617 3330 899 3406 consequerentur.
1213 3328 1216 3335 '

312 3433 475 3502 Platonem
501 3432 619 3519 pariter
652 3428 789 3506 numeris
825 3441 976 3509 tribuisse
1008 3442 1139 3508 multum
1160 3419 1207 3510 'et

275 3556 348 3638 plus
388 3555 492 3636 adeo,
535 3571 629 3636 quam
662 3552 762 3637 ipsius
797 3548 1029 3640 philosophiam
1061 3558 1208 3642 deceret,

209 3760 212 3765 Δ
276 3688 385 3736 omnes
411 3685 442 3738 et
470 3670 576 3739 sciunt
598 3686 630 3738 et
655 3689 748 3756 aegre
776 3670 905 3755 ferunt,
928 3677 985 3757 qui
1013 3675 1081 3759 ejus
1108 3673 1208 3762 scrip-

272 3804 329 3880 ta,
361 3786 394 3854 in
424 3787 534 3871 primis
564 3787 749 3871 Timaeum,
780 3792 936 3876 legerunt.
1000 3790 1070 3858 Nec
1105 3807 1207 3857 tamen

272 3919 401 4007 secutus
430 3919 479 3970 cst
503 3904 557 3973 ille
574 3904 669 3990 plane'
695 3906 925 3995 Pythagoreos.
970 3906 1150 3989 Numeros,
1172 3919 1208 3971 ut

1129 4023 1209 4090 cnti-

309 4105 351 4177 (ι)
371 4105 491 4192 sensu
504 4104 628 4177 naupa.
644 4102 675 4164 n·
687 4080 764 4269 dns

769 4222 790 4268 2
