2992 5220
636 458 749 522 -2-..24
770 469 816 497 -.·

274 624 369 721 tiam
381 623 572 715 terminaret
587 643 682 704 suat,·
702 642 756 686 mec
767 624 865 687 tantis
886 642 915 686 se
930 619 1088 687 'laboribrtt
1095 623 1197 706 frati·

270 753 382 825 geret,
398 758 499 833 ¹neque
524 751 570 802 tot
602 741 689 804 coris
718 740 895 824 vigiliisque
921 751 1116 823 angeretur,
1145 760 1197 802 ne·

275 878 334 942 que
357 859 444 922 toties
464 853 515 949 ‘de
538 856 608 921 nita
638 855 710 942 ipsi
738 832 915 922 dimicaret.
960 854 1057 921 Nono
1086 852 1200 921 insidet

188 1041 193 1053 ,
274 970 428 1059 quaedam
458 974 493 1041 itt
519 973 629 1058 optimo
649 993 767 1059 quoque
786 975 908 1053 nirtos,
937 991 1019 1059 qtae
1044 987 1142 1038 noctes
1169 985 1200 1036 tt

273 1085 339 1153 lies
366 1088 504 1151 animum
529 1087 653 1170 gloriae
679 1089 813 1155 stimulis
837 1092 997 1170 concitat,
1019 1104 1115 1176 atque
1142 1086 1201 1155 ad·

276 1218 397 1283 monet,
440 1224 500 1269 non
525 1225 594 1269 cum
623 1209 709 1274 sitae
733 1220 866 1290 tempore
897 1226 958 1272 esse
985 1203 1201 1271 dimittendam

277 1324 589 1386 commemorationem
618 1323 749 1387 nominis
783 1325 905 1400 nostri,
938 1318 994 1386 sed
1014 1341 1084 1385 eam
1121 1321 1203 1385 amni

272 1426 458 1523 posteritate
473 1433 724 1522 adaequandam.
749 1433 780 1476 (θ
807 1434 884 1499 Non
905 1434 999 1514 dico,
1027 1446 1202 1501 mutuatum

279 1553 354 1620 haec
373 1570 442 1619 esse
471 1568 489 1615 a
506 1550 648 1615 ,Platone
666 1549 877 1630 Ciceronem,
910 1563 945 1615 ut
976 1549 1132 1617 Rhetores
1151 1567 1205 1617 ao·

278 1668 368 1746 lent,
392 1686 456 1748 quo
483 1665 602 1731 scilicet
624 1679 748 1731 ornaret
770 1666 941 1734 orationem
964 1687 1077 1750 suam3
1100 1667 1156 1734 sod
1184 1687 1204 1731 t

278 1800 379 1866 puero
409 1782 462 1849 ille
489 1796 599 1864 captus
624 1782 763 1847 Platonis
792 1801 917 1865 amore,
940 1785 986 1850 sic
1007 1797 1110 1850 autem
1132 1803 1204 1867 cap·

278 1914 356 1982 tus,
378 1914 437 1982 ut,
469 1899 577 1984 prouti
599 1899 755 1966 Phaedrus
777 1899 932 1984 Lysiam,
953 1901 996 1968 ita
1014 1900 1081 1985 ipse
1104 1902 1208 1967 Plato-

278 2036 349 2086 nem
369 2018 516 2084 omnibus
529 2064 541 2099 ,
554 2019 768 2100 quiunquam
790 2017 931 2084 dixerant
954 2019 1205 2102 scripserantve,

281 2149 505 2219 anteponeret,
553 2134 708 2217 deumque
747 2135 1011 2220 philosophorum
1055 2152 1205 2203 vocaret:

281 2267 397 2337 sponte
412 2251 439 2318 is
453 2252 591 2338 inhujus
607 2250 807 2332 secogitandi
819 2249 1040 2330 scribendique
1057 2251 1208 2318 rationem

279 2370 325 2438 oie
353 2370 586 2443 insinuaverat,
617 2379 654 2426 ut
678 2364 815 2428 colorem
837 2362 910 2428 inde
929 2364 1048 2432 inscius
1072 2367 1105 2433 in
1123 2369 1208 2435 omni

282 2484 454 2566 scriptione
469 2480 617 2544 duceret:
643 2477 699 2561 qui
725 2497 798 2545 sane
810 2480 949 2546 Platonis
968 2499 1120 2560 amantem
1139 2499 1207 2552 tum

282 2597 415 2665 advertit
437 2592 589 2675 maxime,
612 2594 667 2659 ubi
692 2595 817 2662 minime
838 2596 950 2664 imitari
971 2601 1085 2669 Cicero
1104 2604 1211 2670 Plato-

282 2734 354 2783 nem
382 2715 518 2780 videtur.
560 2712 670 2794 Itaque
691 2734 762 2780 cunr
785 2715 818 2780 in
840 2716 896 2782 hac
918 2718 957 2783 de
979 2719 1077 2784 literis
1101 2722 1210 2789 huma·

283 2832 454 2916 nitatisque
490 2829 654 2912 disciplina
693 2829 834 2897 oratione
867 2833 1028 2902 Platonem
1057 2838 1212 2919 expressit

283 2971 399 3033 suum,
433 2963 500 3014 tum
529 2946 619 3014 libris
647 2946 686 3013 de
718 2947 898 3028 eloquentia
932 2948 1058 3032 scriptis
1096 2952 1212 3038 dialogi

284 3068 449 3156 usurpavit
476 3065 632 3146 formam,
663 3063 780 3147 quippe
811 3083 891 3144 quae
907 3079 1070 3157 tantopere
1094 3067 1156 3155 ipsi
1179 3069 1212 3139 in

283 3189 415 3254 Platone
442 3186 617 3265 placuerat,
655 3195 721 3245 tum
752 3199 827 3247 vero
859 3194 891 3247 et
920 3182 955 3248 in
991 3184 1099 3268 primis
1136 3185 1213 3270 his,

287 3320 369 3386 quos
397 3298 547 3381 scripsit,
569 3295 699 3382 dialogis
728 3313 760 3362 et
781 3298 869 3365 iniis
896 3301 948 3382 qui
979 3302 1038 3367 hos
1061 3321 1214 3369 consecu-

286 3420 312 3486 ti
344 3431 443 3498 sunt,
464 3414 622 3481 Phaedrus
640 3413 702 3499 ipsi
723 3417 864 3503 dialogus
878 3420 1047 3503 praecipue
1066 3417 1108 3479 ob
1127 3435 1213 3483 men·

282 3553 350 3613 ‚tem
385 3549 526 3601 versatus
560 3551 631 3599 esse
659 3533 795 3600 videtur:
838 3534 921 3599 unde
953 3529 1005 3595 illa
1035 3532 1210 3604 continuo:

284 3676 346 3722 aar
367 3676 427 3722 non
453 3657 643 3732 imitamur,
675 3650 810 3729 Crasse,
842 3647 1001 3712 Socratem
1027 3648 1135 3734 iiiam,
1158 3657 1215 3740 qai

286 3776 384 3841 estin
402 3768 544 3835 Pisandro
567 3764 735 3834 Platonis?
752 3763 784 3806 <⁹³
806 3775 838 3828 et
856 3762 976 3829 nullum
998 3765 1053 3832 isac
1054 3764 1214 3851 frigiditas

1150 3882 1216 3969 no·

324 4063 449 4139 (r)Gic.
466 4078 518 4135 pro
532 4060 632 4114 Archi·
656 4079 682 4124 e,
706 4076 746 4112 tr.
810 4059 850 4131 (a)
885 4059 928 4114 De
950 4060 1029 4114 Oret.
1042 4059 1103 4130 1.7.
