2992 5220
660 487 855 567 ..165-

286 669 394 735 totelis
427 666 679 753 posteriorisque
715 666 824 732 aetatis
865 663 984 749 analysi
1024 664 1213 733 Platonicam

284 785 530 858 diatinzerimus.

287 932 291 952 ·
327 903 410 967 Eum
428 902 460 966 in
481 899 609 964 modum
636 898 722 982 apud
748 899 951 966 Aristotelem
974 898 1117 977 aliosque
1136 898 1211 964 llaec

285 1017 428 1099 procedit
452 1017 598 1083 cernendi
623 1016 837 1100 jungendique
862 1015 1055 1093 methodus,
1089 1028 1128 1077 ut
1154 1013 1212 1076 do·

284 1148 352 1198 ceat
380 1133 514 1198 lectores
545 1145 676 1212 auctor,
707 1131 742 1196 in
771 1151 849 1214 quas
876 1150 980 1216 partes
1009 1130 1218 1209 dividendum,

232 1240 237 1251 '
281 1249 596 1339 distribuendumque
620 1262 835 1332 argumentum
865 1250 931 1329 sit,
953 1267 1097 1332 quaeque
1116 1265 1215 1332 porro

281 1365 326 1430 sit
346 1366 537 1450 singularum
567 1366 702 1446 parcium
732 1365 871 1445 partitio.
927 1365 957 1431 E
992 1384 1054 1447 qua
1081 1363 1215 1430 docendi

282 1481 403 1547 tatione
418 1486 524 1547 ortum
546 1493 747 1562 praeceptum
767 1493 832 1543 est:
855 1483 911 1563 qui
935 1480 1008 1546 benc
1024 1483 1212 1566 distinguit,
1274 1520 1277 1525 ·

280 1597 355 1667 bane
378 1597 475 1664 docet.
520 1596 617 1678 Apud
633 1597 792 1660 Platonem
812 1614 887 1660 vero
910 1614 974 1661 non
996 1598 1109 1663 docere
1122 1599 1216 1663 Elam

284 1724 348 1775 tem
374 1708 543 1790 Hospitem
564 1707 721 1774 vidimus:
754 1707 924 1805 interrogat
943 1729 1066 1794 semper
1093 1710 1217 1777 Theae-

282 1840 384 1892 tetum
411 1843 535 1909 unaque
561 1845 632 1891 cum
656 1844 693 1892 eo
715 1825 848 1906 quaerit.
893 1825 966 1890 Hoc
994 1841 1098 1891 autem
1117 1829 1212 1892 modo

279 1943 407 2011 invenit
430 1943 590 2027 analysis,
622 1943 678 2009 illo
700 1942 825 2009 inventa
852 1943 1017 2009 nobiscum
1043 1942 1218 2008 communi·

286 2077 348 2129 cat.
392 2061 540 2128 Recessit
560 2061 684 2142 quidem
705 2073 815 2144 postea
840 2059 879 2124 ab
899 2060 952 2125 illa
975 2060 1094 2124 ratione
1112 2059 1213 2126 l‘lato.

287 2179 324 2244 In
344 2179 488 2259 Timaeo,
511 2178 543 2243 in
558 2177 688 2258 Crisia,
711 2177 744 2243 in
763 2177 850 2242 libris
879 2173 918 2243 da
940 2177 1074 2264 Legibus
1101 2177 1218 2260 princi·

279 2314 358 2379 <pem
385 2295 500 2380 dialogi
533 2312 698 2377 personam
725 2294 967 2378 distmgucntem
994 2294 1137 2375 inducit,
1180 2309 1219 2361 ut

286 2415 389 2500 legere
414 2413 508 2479 nobis
530 2414 664 2479 subinde
691 2413 919 2493 Aristotelem,
951 2431 1050 2478 terum
1076 2427 1215 2479 naturam

286 2534 516 2615 explicantem,
549 2531 718 2597 videamur.
762 2529 824 2597 Sed
854 2531 983 2595 nonde
1013 2530 1085 2608 his,
1106 2532 1146 2596 de
1175 2530 1214 2597 iit

286 2653 338 2715 hle
361 2648 481 2733 agimus
508 2648 659 2731 dialogis,
681 2647 868 2728 inquibus,
890 2647 1029 2713 methodi
1054 2647 1124 2730 ipse
1143 2666 1219 2714 suae

285 2781 426 2833 naturam
442 2765 624 2848 expressita
648 2766 775 2846 quossi
797 2785 868 2830 cum
888 2765 1069 2831 Aristotelis
1095 2766 1220 2850 discep-

284 2883 457 2951 tationibus
487 2880 705 2960 conferimus,
738 2880 795 2946 has
827 2899 891 2946 non
916 2881 1022 2964 inepte
1042 2885 1217 2965 analyticas

285 3000 557 3064 demonstrationes
595 2996 800 3063 vocabimus:
846 2996 879 3059 in
915 2996 976 3060 iilis
1015 3014 1092 3061 vero
1117 2997 1228 3085 ipsam

286 3113 450 3194 anapia,
472 3113 639 3190 quaerendi
665 3111 907 3192 inveniendique
933 3111 1139 3191 methodum,
1168 3112 1217 3178 in·

283 3227 434 3297 ventricis
468 3224 595 3290 omnino
628 3224 801 3294 dialecticae
830 3247 966 3294 normam
996 3246 1214 3311 agnoscemus.

184 3330 185 3334 ¹
284 3346 350 3413 Sed
371 3346 411 3410 de
438 3341 556 3421 modo,
579 3360 644 3423 quo
667 3344 806 3425 analysin
837 3344 1000 3428 usurpavit
1018 3345 1127 3423 Plato,
1159 3345 1218 3414 alit

285 3477 361 3532 sunt
388 3461 463 3527 item
490 3456 755 3524 animadvertenda
780 3457 884 3528 uobis.
939 3459 1001 3525 Est
1033 3460 1085 3525 illa
1115 3462 1216 3544 tado,

286 3581 375 3664 quod
403 3580 472 3662 ipse
502 3575 642 3656 fatetur,
687 3587 721 3639 ut
748 3574 954 3656 pulcerrima,
997 3574 1040 3640 ita
1068 3595 1217 3660 perquam

286 3696 378 3764 etiam
411 3693 556 3760 difficilis.
621 3691 751 3774 Saepius
778 3709 828 3756 me
858 3690 929 3773 illa,
961 3692 1005 3756 ait
1033 3695 1115 3776 apud
1145 3716 1215 3763 eum

271 3813 416 3895 ,Hospes
436 3811 584 3891 Eleates,
616 3810 649 3875 in
670 3810 845 3893 quaerendo
873 3824 904 3874 et
924 3807 1103 3876 disserendo
1123 3812 1219 3877 desti·

287 3930 362 3997 tuit.
405 3928 479 4013 Qui
499 3925 610 3992 accidit
631 3925 833 4006 difficultate,
854 3941 892 3991 ut
912 3925 1005 4010 pauci
1034 3930 1117 3995 omni
1139 3945 1218 3994 aevo

286 4050 326 4118 ri
352 4061 438 4114 tacte
460 4043 511 4113 uti
532 4041 608 4111 sint.
651 4041 734 4111 Nun
764 4041 974 4128 Aristoteles,
997 4060 1032 4110 ut
1050 4045 1110 4110 hoc
1128 4057 1218 4128 utar,

1173 4178 1220 4228 tn-
