2992 5220
832 428 1005 487 ...30—

448 614 479 663 rt
499 599 546 665 ris
570 601 676 685 efficax
696 603 730 662 in
748 603 858 687 quouis
877 623 912 695 re
926 600 1123 689 perficienda
1145 604 1303 690 obtingere
1322 608 1374 673 isa·

445 717 524 776 mini
558 713 706 781 ridetur:
746 716 830 803 quod
857 690 992 784 Perieies
1028 717 1074 784 ad
1099 722 1216 804 ingenii
1247 740 1377 786 acumen

444 827 606 912 adjunmt.
662 833 750 897 Nom
776 831 938 915 incidens,
978 832 1093 916 credo,
1132 838 1167 900 in
1204 835 1379 915 hujusmodi

445 966 553 1013 rerum
577 949 817 1035 indagatorem,
840 949 1093 1037 Anaxagoram,
1125 951 1300 1019 sublimium
1328 975 1378 1020 re·

439 1085 522 1130 -rum
552 1065 654 1132 studio
693 1067 829 1133 imbutus
868 1083 965 1155 atque
992 1067 1044 1134 ad.
1075 1083 1228 1135 naturam
1266 1068 1378 1137 mantii

444 1187 660 1270 amentiaeque
685 1184 869 1271 procedens,
908 1187 945 1248 in
976 1184 1087 1269 quibus
1107 1187 1225 1252 multus
1245 1202 1321 1254 erat
1339 1190 1376 1253 itt

444 1297 629 1363 sermonibus
674 1297 920 1383 Anaxagoras,
964 1299 1037 1364 irinc
1083 1297 1130 1364 ed
1159 1298 1300 1368 dicendi
1320 1313 1384 1368 ar·'

446 1426 508 1476 tem
543 1417 684 1493 traxit,
719 1418 983 1502 quaecunquae·
1017 1431 1134 1485 essent,
1159 1433 1373 1484 consentaneas

444 1528 508 1596 Sed
536 1529 671 1597 Pericles
697 1532 740 1597 sic
770 1546 819 1597 est
843 1551 860 1595 a
883 1532 1079 1614 philosopho
1110 1531 1299 1612 institutus,
1337 1548 1374 1599 ut

442 1648 601 1729 singulare
627 1661 659 1714 et
688 1646 872 1711 inusitatum
905 1646 1057 1712 inveniret
1087 1648 1210 1715 dicendi
1249 1669 1374 1734 genus,

435 1763 535 1846 ,cujus
566 1779 646 1842 quae
661 1762 775 1844 frorma
796 1759 914 1844 fuerit,
942 1783 981 1834 et
1012 1765 1206 1832 orationibus
1229 1765 1377 1850 intelligi·
1456 1817 1458 1822 .

443 1890 517 1959 tur,
539 1897 619 1962 quae
636 1880 720 1962 apud
739 1879 957 1964 Thucydidem
990 1897 1113 1948 exstant
1133 1881 1190 1965 (⁹3
1223 1903 1304 1966 quae
1321 1903 1377 1953 ve·

444 2015 482 2062 ro
513 1994 610 2062 fuerit
640 1995 849 2077 incivitate,
881 1997 954 2064 belli
984 1999 1212 2091 Peloponnesii·
1227 2001 1377 2085 tempori·

446 2113 531 2198 bus,
581 2119 781 2194 auctoritas,
824 2113 892 2197 ipsa
931 2116 1025 2198 hujus
1054 2116 1131 2181 belli
1157 2116 1288 2182 historia
1319 2117 1376 2181 do·

445 2246 497 2298 cet
517 2231 562 2296 (ἢ.
607 2230 701 2296 Haud
727 2229 886 2296 dissimilis
919 2228 1019 2296 fuisse
1042 2231 1121 2297 ratio
1143 2232 1289 2312 videtur,
1314 2251 1376 2315 qua

444 2347 557 2416 deinde
593 2347 824 2414 Demosthenes
862 2347 902 2412 ad
934 2365 1086 2429 novum,
1112 2350 1184 2423 ,sed
1223 2349 1375 2415 illustrius

445 2466 561 2549 etiam,
594 2465 716 2532 dicendi
747 2484 845 2550 genus
873 2466 1064 2551 pervenerit.
1119 2466 1278 2532 Socratem
1308 2485 1373 2532 non

447 2584 549 2652 vidit:
582 2583 776 2650 audiverime
803 2583 989 2662 Platonem,
1023 2582 1176 2650 incertum
1204 2596 1275 2664 est3
1318 2584 1374 2650 sod

447 2699 510 2762 hoc
535 2709 685 2775 constat,
706 2695 844 2761 Platonis
867 2715 937 2761 eum
956 2694 1083 2778 'scripta
1102 2697 1235 2780 legisse,
1259 2698 1377 2778 quibus

439 2830 523 2889 ,stne
554 2811 692 2896 legendis
730 2829 795 2877 non
826 2811 953 2891 minus,
997 2831 1089 2893 quam
1117 2811 1188 2895 ipso
1222 2812 1377 2878 audiendo

450 2929 602 3008 Socrate,
633 2938 808 3024 μαιςυτικῆς
838 2926 1016 2993 Socraticae
1044 2927 1194 2995 rationem
1215 2929 1376 3012 percipere

450 3045 570 3131 potuit.
615 3043 710 3127 Legit
733 3057 834 3107 autem
861 3060 933 3107 eum
958 3062 1081 3107 summo
1097 3044 1227 3124 studio,
1250 3044 1377 3110 admita-

450 3160 537 3225 tione
563 3159 709 3237 summi,
740 3171 776 3221 ut
806 3157 919 3224 Cicero
947 3171 1091 3223 testatur.
1141 3158 1377 3241 Lectitavisse,

439 3276 516 3361 tit,
548 3276 709 3342 Platonem
740 3275 905 3357 studiose,
939 3273 1097 3341 audivisse
1135 3274 1227 3341 etiam
1258 3275 1378 3347 Demo·

452 3394 581 3464 sthenes
610 3394 746 3461 dicituts
770 3394 865 3475 idque
893 3405 1021 3478 apparet
1040 3410 1079 3457 ex
1099 3409 1212 3478 genere
1234 3405 1267 3459 et
1287 3409 1379 3476 gran·

454 3510 550 3579 ditate
578 3510 766 3578 verborum:
808 3510 884 3576 dicit
913 3509 1004 3577 etiam
1033 3510 1066 3574 in
1091 3510 1222 3591 quadam
1244 3508 1378 3594 epistola

1316 3624 1377 3689 hoc

489 3804 536 3878 (t)
552 3805 703 3877 Wyttenb.
721 3809 806 3876 praei.
834 3808 967 3862 Selectos.
992 3823 1019 3872 p.
1039 3803 1112 3857 x11.
1201 3802 1241 3867 (2)
1261 3796 1378 3865 Thucy.

448 3905 527 3968 ΜΗ
542 3905 585 3991 li·
600 3906 696 3959 55-65.
714 3907 757 3960 Cf.
777 3907 836 3964 eie.
855 3905 933 3958 Orat.
951 3921 976 3955 c·
993 3921 1019 3972 9.
1049 3903 1094 3952 Ab
1120 3894 1298 3962 Aristophane
1308 3897 1383 3963 poio,

446 4015 479 4062 tt
493 4006 615 4085 fulgere,
634 4015 745 4069 tonare,
764 4006 926 4073 germinem
944 3999 1087 4055 Graeciam
1103 3996 1252 4049 dielusesl.
1356 4071 1361 4083 .
