2992 5220
536 486 587 524 ¹·-
607 487 715 536 u·-

145 644 281 722 tefcretts
311 664 343 718 et
361 649 500 719 Platonis
528 650 710 736 ingenium,
733 654 828 735 ·quod
858 654 952 735 plane
970 654 1002 720 in
1020 645 1085 721 iltis

140 770 258 854 spirare
280 768 419 836 videtur.
477 766 549 833 Hos
579 769 635 850 qui
663 769 765 854 legit,
793 769 991 856 legendoque
1011 780 1080 837 uon

138 905 188 956 rea
213 901 355 966 nutum,
387 897 422 949 ut
453 885 551 967 vulgo
579 883 639 964 fit,
671 885 726 951 sed
753 884 908 966 formam,
930 883 986 951 sed
1013 883 1080 950 clia·

137 1004 203 1091 logl
226 1004 398 1083 rationem,
429 1001 485 1067 sed
506 1000 571 1066 vim
594 999 740 1083 dicendi,
768 1002 823 1069 sed
841 999 1081 1086 philosophiam·

137 1111 292 1202 omnino,
324 1136 405 1201 quae
429 1133 462 1184 et
491 1119 582 1183 ducta
611 1135 650 1184 ex
680 1118 806 1185 homine
826 1133 876 1186 est
901 1134 934 1185 et
959 1117 998 1184 ad
1024 1118 1078 1183 ui·¹

136 1251 198 1302 tam
221 1234 357 1301 hominis
394 1235 626 1300 accommodata
662 1248 749 1316 tota,
786 1238 861 1301 haec
890 1235 987 1320 igitur
1011 1252 1082 1301 una·

136 1370 208 1419 cum
238 1352 334 1421 rebus
358 1351 491 1419 attendit
518 1351 705 1437 diligenter,
738 1369 796 1418 nae
821 1350 848 1416 is
876 1351 1013 1437 judicare
1031 1349 1078 1419 de·

137 1466 302 1534 Ciceronis
321 1466 449 1552 ingenio
471 1464 601 1550 poterit.
642 1464 755 1533 Defuit
775 1467 823 1548 ei,
844 1463 970 1548 fateor,
991 1480 1076 1550 quae

136 1582 322 1650 admirabilia
342 1582 375 1648 in
395 1583 611 1650 Demosthene
632 1582 760 1665 iuerat,
782 1584 903 1652 dicendi
923 1590 1072 1664 δεινοτὴι,

136 1699 186 1766 illa
216 1715 302 1768 certe
322 1698 424 1767 defuit
440 1700 622 1786 singularis
653 1703 746 1785 plane
764 1715 796 1767 et
819 1699 977 1769 Socratica
996 1701 1078 1769 sim··

134 1816 256 1899 plicitaa
274 1837 309 1886 ac
330 1818 550 1902 popularitas,
571 1838 642 1885 cum
665 1816 757 1904 copia
778 1833 810 1885 et
830 1817 980 1903 gravitate
994 1833 1073 1885 con·

132 1932 258 2014 lunera,
292 1930 374 2016 q'uae
395 1936 480 2019 capit
507 1935 670 2001 hominurn
693 1937 812 2003 animos
831 1936 974 2003 candoris
1001 1937 1071 2018 opl-

136 2045 256 2129 mone,
296 2050 457 2130 essperia
483 2068 539 2112 eos
567 2064 655 2112 totos
682 2053 721 2111 ad
740 2052 846 2112 nullos
868 2066 933 2113 non
955 2064 1068 2116 sensns
1186 2068 1188 2073 ’

135 2162 244 2230 intime
270 2161 514 2246 suscipiendos:
537 2161 621 2228 unde
648 2158 838 2228 incredibilis
867 2161 1009 2246 exstitit,
1031 2176 1078 2230 ut·

131 2280 292 2362 diximus,
313 2279 567 2346 Demostheneae
599 2279 751 2345 orationis
782 2281 945 2362 persuasio
973 2295 1005 2346 ct
1029 2278 1068 2346 ud

134 2397 387 2468 commovendam
419 2396 582 2464 Graeciam
610 2388 785 2462 efficacitas.
841 2396 904 2462 Sed
932 2393 1070 2463 scribere

134 2518 174 2584 de
192 2515 395 2598 eloquentia,
427 2527 463 2581 ut
482 2513 597 2581 Cicero
621 2511 697 2578 lecit
724 2510 867 2577 inlibris
894 2508 932 2578 dc
955 2509 1073 2580 Orata·

133 2653 193 2708 re,
216 2630 249 2696 in
271 2628 431 2708 Oratore,
453 2627 485 2693 in
512 2628 638 2707 Bruto,
669 2644 687 2693 e
709 2631 827 2723 *sutura
850 2627 1071 2713 philosophiae

134 2749 249 2814 ducere
283 2744 493 2828 eloquentiam
528 2759 560 2810 et
593 2743 664 2809 hinc
704 2742 871 2811 informare
901 2740 1074 2812 scribendo

134 2863 307 2951 perfectum
338 2862 488 2946 omnique
518 2880 650 2927 numero
681 2862 860 2927 absolutum
892 2875 1068 2930 oratorem:

134 2983 197 3049 hoc
226 2982 377 3049 Ciceroni
401 2980 553 3067 agendum
582 2979 708 3061 reliquit
729 2981 981 3060 Demosthenes,
1002 2981 1073 3062 ipse

135 3114 201 3161 non
224 3096 300 3162 lecit
320 3097 365 3163 (θ.
409 3096 583 3164 Profecerit
610 3095 662 3163 hic
692 3096 887 3188 eSoctatict
904 3095 1072 3182 disciplina

135 3227 167 3279 et
187 3210 322 3277 lectione
345 3215 486 3280 Platonis
512 3216 646 3279 maritum
666 3214 705 3279 ad
732 3215 978 3281 commovendos
1004 3230 1074 3311 nott·
1106 3273 1110 3285 .

134 3327 263 3405 solum,
306 3324 362 3391 sed
389 3340 421 3391 et
453 3329 661 3398 emendandos
692 3333 778 3399 cives
819 3332 1073 3416 optimatumque

136 3422 239 3510 mrum
269 3439 376 3506 studio
405 3439 665 3526 inflammandos,
688 3450 749 3514 hoc
770 3468 836 3515 non
859 3422 998 3534 'profecit
1023 3450 1072 3518 in·

137 3557 200 3637 de,
222 3556 310 3638 quod
336 3555 451 3623 Cicero
482 3555 651 3622 adsecutus
672 3576 743 3642 est,
778 3580 813 3629 ut
845 3565 975 3650 fingeret
991 3587 1073 3637 rern-
1104 3545 1109 3556 ⁴

1013 3709 1075 3771 PU·

149 3840 214 3926 ’(ι)
235 3853 308 3908 Plus
331 3853 360 3906 in
383 3872 470 3924 comp·
496 3854 575 3908 Dum.
594 3844 624 3910 ol
642 3816 700 3913 dic.
719 3878 743 3913 c.
764 3880 789 3914 t·
826 3862 1000 3935 Διιμοσῦὄνιις
1022 3875 1075 3938 μὶν

135 3958 175 4027 al<
204 3962 238 4017 ci
272 3959 413 4031 §scatentia
435 3960 557 4022 laicam
584 3970 641 4023 scita
672 3963 734 4026 ὅσον
767 3964 846 4043 εἶχεν
869 3969 903 4030 in
924 3970 1076 4046 Φνσίικῆ

136 4060 277 4138 haim
300 4066 411 4141 Mysos·
432 4078 473 4108 ·’·
492 4068 614 4141 tanim
642 4071 674 4132 tt
696 4078 745 4135 nal
768 4081 934 4150 πολυμαθὴς
956 4101 982 4137 a.
999 4100 1026 4136 r.
1041 4087 1074 4140 λ·
