2992 5220
677 426 903 537 -sr-⁸

291 644 383 705 qnam
415 626 492 690 adeo
527 629 641 707 mdes,
666 648 773 694 omnes
796 647 920 712 autem,
944 635 1130 714 procedente
1155 658 1215 704 usu

287 754 320 806 et
349 744 597 825 consuetudine,
620 746 735 826 quibus
769 733 894 829 quidem
922 750 1010 815 Deus
1038 749 1139 831 favit,
1161 752 1220 817 mi·

291 880 359 926 rum
389 863 421 928 in
447 864 573 927 modum
597 863 816 945 proicientes,
847 865 893 928 uti
929 880 960 932 et
988 867 1110 933 sibimet
1138 867 1220 950 ipsis

291 989 323 1040 et
352 976 480 1059 caeteris
503 976 660 1042 videntur.
705 976 741 1041 Id
772 992 874 1044 autem
892 978 1017 1059 liquet,
1039 1001 1056 1046 a
1076 999 1125 1048 me
1144 983 1220 1047 illos
1279 1026 1285 1042 .

290 1090 369 1156 nihil
395 1110 540 1172 umquam
569 1092 733 1173 didicisse,
756 1095 812 1159 sed
830 1094 918 1177 ipsos
937 1114 992 1178 per
1015 1114 1113 1162 semet
1128 1097 1217 1180 ipsos

292 1209 388 1273 multa
413 1221 445 1274 et
473 1211 625 1290 praeclaro
659 1210 818 1276 invenisse
847 1227 941 1292 atque
972 1211 1004 1276 itt
1038 1232 1074 1278 se
1102 1214 1221 1280 babere

290 1324 464 1390 recondito:
488 1325 752 1392 obstetricationis
778 1341 882 1392 antem
909 1330 1009 1394 Deum
1029 1343 1060 1395 et
1078 1349 1128 1396 me
1144 1349 1217 1397 auca

287 1454 386 1506 torem
415 1459 507 1539 esse:
531 1442 618 1523 quod
646 1443 717 1508 hinc
744 1444 875 1510 maxime
892 1463 987 1527 patet.
1032 1447 1130 1512 Multi
1152 1450 1215 1532 jam

288 1559 348 1622 hoc
369 1557 547 1643 ignorantes
573 1575 605 1624 et
622 1576 729 1626 semet
750 1562 838 1644 ipsos
862 1563 1056 1644 increpantes
1069 1612 1080 1644 ,
1093 1583 1142 1631 me
1163 1584 1219 1631 au·
1289 1607 1293 1615 ·

287 1691 349 1742 tern
378 1691 636 1756 contemnentes,
660 1681 709 1743 vel
732 1679 792 1762 ipsi
820 1698 876 1761 per
898 1698 992 1760 sese,
1014 1682 1065 1746 vel
1088 1681 1126 1745 ab
1148 1680 1216 1746 aliis

285 1783 430 1873 adcincti,
460 1794 577 1875 citius,
601 1814 691 1874 quam
716 1815 773 1879 par
797 1811 887 1876 erat,
916 1796 1080 1864 abieruntt
1105 1798 1216 1862 remoti
1278 1833 1280 1836 ·

285 1923 388 1974 autem
407 1929 424 1974 a
445 1928 516 1989 me,
538 1928 609 1973 cum
637 1923 827 1974 caeterorum
848 1924 978 1991 propter
998 1929 1123 1992 prauam
1140 1929 1215 1976 con·

285 2027 479 2094 suetudinem
509 2026 652 2090 abortum
685 2022 849 2104 fecerum,
877 2041 944 2092 tum
971 2043 1023 2105 ea,
1047 2044 1126 2105 quae
1156 2045 1215 2110 ego

238 2131 241 2135 ⁴
286 2142 467 2208 obstetricia
498 2160 560 2226 ope
590 2161 629 2206 ex
657 2141 695 2206 iis
723 2145 936 2223 protuleram,
982 2143 1061 2206 male
1096 2144 1214 2209 alentes

287 2260 508 2344 perdiderunt,
546 2257 622 2324 falsa
645 2274 675 2325 et
704 2260 864 2324 simulacra
885 2259 1010 2343 majoris
1040 2259 1215 2340 habentes,

282 2397 375 2459 quam
406 2396 499 2456 vera,
522 2376 635 2458 pretii:
660 2377 849 2455 tandemque
866 2375 899 2438 hi
931 2387 962 2438 et
990 2375 1114 2438 sibimet
1137 2375 1214 2456 ipsis

282 2505 314 2558 et
339 2492 467 2557 caeteris
500 2491 592 2555 rudes
623 2489 683 2554 visi
716 2503 803 2553 sunt.
868 2467 1012 2574 Quorum
1043 2509 1125 2553 unus
1153 2489 1216 2555 fuit

282 2609 437 2675 Aristides
458 2606 637 2691 Lysimachi
659 2604 742 2670 filius
764 2621 794 2672 et
812 2605 939 2688 plurimi
957 2606 1029 2672 alii:
1055 2625 1213 2687 quorum,

281 2728 308 2792 si
342 2726 467 2808 quando
491 2725 620 2790 redeunt
647 2725 685 2789 ad
712 2742 784 2802 me,
816 2738 998 2807 expetentes
1023 2742 1214 2808 congressus
1237 2704 1241 2711 ⁵

193 2865 197 2875 ¹
281 2864 368 2911 meos
405 2858 500 2924 atque
540 2856 574 2908 ut
611 2841 772 2906 obtineant
810 2841 887 2905 nihil
923 2860 987 2906 non
1023 2840 1214 2924 molientes,

280 2963 440 3029 nonnullis
478 2979 579 3026 meum
616 2978 666 3025 me
697 2959 890 3024 daemonium
924 2960 1074 3024 interesse
1105 2958 1214 3039 prohi-

249 3147 252 3151 ,
281 3081 354 3160 bet,
376 3079 443 3145 aliis
470 3077 563 3142 sinit:
587 3075 617 3140 hi
642 3089 744 3140 autem
772 3089 837 3140 tum
865 3075 1015 3140 continuo
1042 3072 1213 3156 proficiunt

279 3198 397 3263 denuo.
449 3196 521 3259 Hoc
550 3212 624 3259 vero
654 3193 744 3256 etium
771 3211 842 3256 curn
874 3191 1117 3272 parturientibus
1143 3189 1212 3257 foe-

279 3312 373 3375 minis
402 3326 568 3375 commune
599 3308 714 3371 habent
745 3307 800 3386 qui
827 3325 877 3370 me
905 3321 1060 3371 utuntur:
1102 3321 1211 3388 partus

279 3429 446 3496 doloribus
488 3425 628 3489 laborant
668 3437 699 3487 et
738 3435 847 3485 noetcs
884 3437 979 3502 atque
1009 3419 1077 3485 dies
1110 3421 1209 3506 magis

1117 3552 1210 3605 ettam
1277 3603 1281 3619 ,

279 3766 351 3810 cat,
382 3739 447 3799 ’ἔνιοι
471 3745 521 3811 μὲν
544 3740 592 3798 καὶ
615 3736 687 3794 πάνυ
710 3731 862 3806 &priests
879 3735 985 3801 πάντες
1004 3731 1035 3794 δε
1060 3756 1098 3777 -
1125 3730 1213 3831 Exci?

272 3849 348 3908 disse
378 3844 500 3901 nonnihil
528 3842 645 3896 videtur.
696 3840 778 3891 Foris
810 3839 919 3906 scripsit
949 3846 1042 3890 auctor
1069 3835 1134 3895 ἔνιοι
1157 3845 1211 3909 μὴ

281 3951 331 4009 οὐκ
350 3950 498 4021 εὐμαθεῖς,
520 3951 608 4010 ἄλλοι
627 3946 657 4008 δὲ
676 3950 724 4007 καὶ
746 3947 819 4014 πάνυ
842 3944 976 4024 ἀμαθεῖς,
997 3946 1105 4023 πάντες
1124 3942 1154 4002 te
1169 3968 1209 3992 -ι

280 4048 327 4107 Sic
344 4048 422 4106 verli.
