2992 5220
677 435 867 517 ..133-

296 612 401 700 digere
427 626 529 680 autem
569 629 627 679 nec
651 616 758 680 multis
781 633 840 681 nec
867 611 999 696 paucis,
1039 612 1098 681 sed
1124 614 1223 683 modi-

293 730 350 799 cis.
371 765 418 787 ·-
451 723 685 812 Sapientissime
716 746 751 796 tu
780 730 930 813 quidem,
960 728 1152 798 oProdicel
1174 766 1222 813 -q

292 846 443 930 Hippiam
471 859 574 913 autem
603 864 709 911 nonne
733 844 1037 914 commemoremus?
1068 844 1114 911 illi
1140 848 1222 917 enim

291 964 376 1037 hunc
406 979 486 1047 puto
516 963 629 1030 Eleum
662 962 819 1046 hospitem
846 961 1001 1030 assentiri.
1032 994 1081 1017 -·
1121 942 1224 1049 Quid·

277 1082 350 1175 *nii
370 1104 418 1133 ⁴-
437 1082 506 1147 Poli
541 1099 618 1147 vero
645 1093 771 1164 nevasia
790 1083 888 1163 λόγων
911 1075 943 1122 (¹)
966 1081 1126 1165 quomodo
1159 1062 1224 1167 sig?

290 1199 510 1280 nificabimus,
532 1199 589 1281 qui
618 1201 892 1281 orimnorum
918 1201 1156 1282 prominulam
1177 1203 1218 1269 ai-

287 1321 485 1398 monayioev,
506 1315 733 1396 nominumque
746 1328 965 1399 lvenustates5
991 1313 1108 1396 quibus
1128 1333 1220 1399 prae·

287 1445 397 1512 ceptor
423 1431 528 1512 ipsum
550 1429 740 1510 Licymnion
767 1431 917 1510 donavit,
939 1431 972 1494 in
1001 1449 1093 1498 usum
1123 1449 1217 1507 suum

288 1547 459 1616 adhibuit?
490 1581 537 1599 -
573 1546 763 1627 Protagorae
794 1560 872 1608 vero
899 1561 1010 1612 nonne
1040 1546 1222 1633 hujusmodi

289 1662 437 1745 quaedam
473 1658 593 1725 exstant
629 1655 786 1725 artificia?
817 1695 862 1711 -
894 1664 1066 1744 ’opinemini
1105 1680 1219 1748 nempe

286 1777 456 1862 quaedam,
487 1795 506 1841 0
530 1791 630 1858 puer,
661 1788 695 1840 et
722 1773 780 1840 alia
806 1774 960 1858 praeclara
985 1756 1093 1843 muita.
1138 1776 1219 1845 Ora,

286 1896 409 1963 tionum
434 1908 536 1959 autem
568 1890 718 1958 flebilium
746 1890 779 1955 in
803 1903 994 1957 senectutem
1023 1906 1055 1959 et
1083 1911 1218 1975 pauper.

286 2027 380 2079 tatem
403 2023 628 2095 protractatum
641 2022 731 2089 arte,
754 2025 862 2072 omnes
888 2005 1005 2075 vicisse
1024 2007 1101 2074 mihi
1121 2007 1217 2074 Chal·

283 2127 435 2195 cedonius
456 2140 561 2192 orator
588 2123 619 2179 (ἔ)
641 2124 785 2191 videtur:
810 2125 844 2190 in
869 2125 1052 2194 concitanda
1072 2126 1145 2193 item
1177 2125 1216 2193 ad

284 2246 360 2312 iram
391 2243 591 2312 multitudine
609 2240 788 2323 praestitit,
820 2261 855 2307 ac
871 2241 975 2311 rursus
1003 2243 1037 2309 in
1064 2243 1142 2309 irata
1169 2242 1216 2310 im

284 2362 459 2441 cantando,
491 2373 527 2424 ut
549 2357 701 2438 vocabat,
742 2357 941 2425 deliniendis
974 2360 1007 2426 in
1030 2360 1217 2427 calumnian·

281 2479 321 2544 do
352 2491 509 2561 praeterea
543 2493 576 2541 et
607 2475 788 2556 solvendis,
832 2494 1025 2560 quocunque
1059 2477 1091 2544 id
1118 2479 1212 2545 modo

281 2593 349 2661 fieri
378 2607 513 2678 posset,
552 2591 714 2658 calumniis
742 2593 899 2658 excelluit.
944 2595 993 2661 De
1022 2593 1085 2661 fine
1105 2610 1209 2663 autem

279 2710 474 2780 orationibus
500 2709 690 2792 imponendo
717 2709 795 2774 idem
821 2712 977 2793 placuisse
1003 2716 1210 2795 communiter

280 2827 427 2894 omnibus
456 2825 596 2890 videtur:
622 2844 713 2906 quem
736 2831 874 2899 ἐπάνοδον
899 2828 1052 2912 quidam,
1073 2830 1125 2896 alii
1148 2831 1209 2917 ‚alio¹

278 2945 414 3025 nomine}
435 2944 604 3024 appellant.
632 2977 680 2992 -
701 2942 882 3009 Summatim
905 2945 981 3011 dicis
1009 2945 1132 3029 singula
1159 2968 1214 3031 an

279 3058 462 3137 dientibus,
484 3075 563 3136 quae
583 3057 664 3124 dicta
695 3073 791 3138 sunt„
824 3057 884 3125 sub
908 3057 1002 3125 finem
1033 3061 1066 3125 in
1092 3081 1210 3144 mono·¹

277 3175 352 3241 riam
386 3190 544 3240 revocare.
575 3208 619 3225 -
651 3173 695 3236 Et
718 3176 792 3243 haec
825 3174 897 3240 dico
925 3190 957 3241 et
978 3177 1102 3260 siquid
1124 3181 1208 3247 aliud

278 3291 327 3356 his
355 3288 527 3357 addendum
558 3287 598 3352 de
629 3286 751 3353 dicendi
776 3307 842 3357 arte
868 3293 977 3361 habes.
1010 3332 1055 3353 -·
1069 3297 1205 3385 Exigua

277 3405 378 3483 huben
397 3421 456 3481 nec
485 3415 657 3473 memoratu
678 3404 782 3487 digna.
804 3406 836 3448 <⁸³

1151 3534 1203 3600 sn·

277 3738 281 3744 .
310 3700 354 3772 (ι)
373 3699 420 3757 Sic
445 3700 554 3755 libunn'
572 3701 741 3768 inscripim
776 3703 863 3759 Polou
894 3709 1012 3764 videtur.
1045 3713 1081 3769 V.
1115 3721 1208 3789 intpp.

273 3799 308 3854 d
327 3800 364 3853 n.
381 3802 402 3854 l.
448 3800 577 3855 comitii
599 3792 791 3874 conjecturam*
805 3825 857 3878 pro
874 3809 941 3878 πρὸς
967 3815 1075 3877 ninere
1092 3815 1206 3887 legentis

274 3900 461 3970 manum
478 3901 615 3957 vertendo<
630 3907 759 3976 expressi.
775 3906 813 3960 V.
834 3910 893 3961 Ast.
911 3904 946 3963 ιδ
963 3910 1077 3978 Phasin.
1096 3936 1124 3988 p.
1142 3916 1204 3975 5⁶8.

308 3998 355 4068 (ι)
377 3998 609 4063 Thrasymachum
627 4004 664 4060 V.
682 4004 781 4059 Heind.
808 4007 841 4058 ad
858 4007 921 4062 lul.
940 4011 987 4082 (3)
1003 4013 1118 4069 Phaedri
1141 4008 1202 4073 2⁶³.

1167 4118 1202 4172 C.
