<?xml version="1.0" encoding="UTF-8"?>
<!DOCTYPE html PUBLIC "-//W3C//DTD XHTML 1.0 Transitional//EN"
    "http://www.w3.org/TR/xhtml1/DTD/xhtml1-transitional.dtd">
<html xmlns="http://www.w3.org/1999/xhtml" xml:lang="en" lang="en">
 <head>
  <title>
</title>
<meta http-equiv="Content-Type" content="text/html;charset=utf-8" />
  <meta name='ocr-system' content='tesseract 3.04.00' />
  <meta name='ocr-capabilities' content='ocr_page ocr_carea ocr_par ocr_line ocrx_word'/>
</head>
<body>
  <div class='ocr_page' id='page_1' title='image "./initiaphilosoph01heusgoog_0418.png"; bbox 0 0 2992 5220; ppageno 0'>
   <div class='ocr_carea' id='block_1_1' title="bbox 594 427 793 499">
    <p class='ocr_par' dir='ltr' id='par_1_1' title="bbox 594 427 793 499">
     <span class='ocr_line' id='line_1_1' title="bbox 594 427 793 499; baseline 0.015 -31"><span class='ocrx_word' id='word_1_1' title='bbox 594 427 793 499; x_wconf 47' lang='grc' dir='ltr'><strong>ειη-ι</strong></span> 
     </span>
    </p>
   </div>
   <div class='ocr_carea' id='block_1_2' title="bbox 144 588 1159 3593">
    <p class='ocr_par' dir='ltr' id='par_1_2' title="bbox 144 588 1159 3485">
     <span class='ocr_line' id='line_1_2' title="bbox 221 588 1159 685; baseline 0.005 -19"><span class='ocrx_word' id='word_1_2' title='bbox 221 610 406 682; x_wconf 80' lang='lat' dir='ltr'><strong>anteaquam</strong></span> <span class='ocrx_word' id='word_1_3' title='bbox 420 598 553 685; x_wconf 90' lang='lat' dir='ltr'><strong>propius</strong></span> <span class='ocrx_word' id='word_1_4' title='bbox 571 601 610 667; x_wconf 90' lang='lat' dir='ltr'><strong>ad</strong></span> <span class='ocrx_word' id='word_1_5' title='bbox 628 588 837 667; x_wconf 81' lang='lat' dir='ltr'><strong>manaritatem</strong></span> <span class='ocrx_word' id='word_1_6' title='bbox 852 592 1040 682; x_wconf 86' lang='lat' dir='ltr'><strong>accesserit,</strong></span> <span class='ocrx_word' id='word_1_7' title='bbox 1063 611 1159 685; x_wconf 60' lang='lat' dir='ltr'><strong>quaea</strong></span> 
     </span>
     <span class='ocr_line' id='line_1_3' title="bbox 226 696 1157 800; baseline 0.003 -18"><span class='ocrx_word' id='word_1_8' title='bbox 226 735 290 798; x_wconf 88' lang='lat' dir='ltr'><strong>que</strong></span> <span class='ocrx_word' id='word_1_9' title='bbox 305 696 402 782; x_wconf 60' lang='lat' dir='ltr'><strong>&#39;erant</strong></span> <span class='ocrx_word' id='word_1_10' title='bbox 427 715 635 798; x_wconf 80' lang='lat' dir='ltr'><strong>addiscenda,</strong></span> <span class='ocrx_word' id='word_1_11' title='bbox 668 717 771 800; x_wconf 86' lang='lat' dir='ltr'>probe</span> <span class='ocrx_word' id='word_1_12' title='bbox 798 716 952 783; x_wconf 84' lang='lat' dir='ltr'><strong>didicerit.</strong></span> <span class='ocrx_word' id='word_1_13' title='bbox 1007 717 1051 785; x_wconf 87' lang='lat' dir='ltr'><strong>Et</strong></span> <span class='ocrx_word' id='word_1_14' title='bbox 1077 736 1157 785; x_wconf 87' lang='lat' dir='ltr'><strong>vero</strong></span> 
     </span>
     <span class='ocr_line' id='line_1_4' title="bbox 225 830 1154 916; baseline -0.001 -17"><span class='ocrx_word' id='word_1_15' title='bbox 225 848 306 913; x_wconf 89' lang='lat' dir='ltr'><strong>quae</strong></span> <span class='ocrx_word' id='word_1_16' title='bbox 338 830 408 916; x_wconf 88' lang='lat' dir='ltr'><strong>quis</strong></span> <span class='ocrx_word' id='word_1_17' title='bbox 441 831 563 916; x_wconf 88' lang='lat' dir='ltr'><strong>ignorat</strong></span> <span class='ocrx_word' id='word_1_18' title='bbox 592 830 646 897; x_wconf 86' lang='lat' dir='ltr'><strong>vel</strong></span> <span class='ocrx_word' id='word_1_19' title='bbox 673 830 785 898; x_wconf 88' lang='lat' dir='ltr'><strong>leviter</strong></span> <span class='ocrx_word' id='word_1_20' title='bbox 814 845 899 898; x_wconf 84' lang='lat' dir='ltr'><strong>tenet</strong></span> <span class='ocrx_word' id='word_1_21' title='bbox 927 833 979 899; x_wconf 87' lang='lat' dir='ltr'><strong>vei</strong></span> <span class='ocrx_word' id='word_1_22' title='bbox 1013 832 1154 898; x_wconf 86' lang='lat' dir='ltr'><strong>nondum</strong></span> 
     </span>
     <span class='ocr_line' id='line_1_5' title="bbox 224 932 1155 1032; baseline -0.002 -17"><span class='ocrx_word' id='word_1_23' title='bbox 224 932 300 1016; x_wconf 81' lang='lat' dir='ltr'><strong>satis</strong></span> <span class='ocrx_word' id='word_1_24' title='bbox 333 949 508 1015; x_wconf 87' lang='lat' dir='ltr'><strong>discernere</strong></span> <span class='ocrx_word' id='word_1_25' title='bbox 533 968 552 1014; x_wconf 92' lang='lat' dir='ltr'><strong>a</strong></span> <span class='ocrx_word' id='word_1_26' title='bbox 582 948 738 1015; x_wconf 85' lang='lat' dir='ltr'><strong>similibus</strong></span> <span class='ocrx_word' id='word_1_27' title='bbox 769 948 898 1032; x_wconf 89' lang='lat' dir='ltr'><strong>coepit,</strong></span> <span class='ocrx_word' id='word_1_28' title='bbox 940 948 1052 1015; x_wconf 90' lang='lat' dir='ltr'><strong>hurum</strong></span> <span class='ocrx_word' id='word_1_29' title='bbox 1076 946 1155 1030; x_wconf 78' lang='lat' dir='ltr'><strong>&#39;quo</strong></span> 
     </span>
     <span class='ocr_line' id='line_1_6' title="bbox 221 1054 1157 1149; baseline -0.002 -17"><span class='ocrx_word' id='word_1_30' title='bbox 221 1054 343 1132; x_wconf 87' lang='lat' dir='ltr'><strong>tandem</strong></span> <span class='ocrx_word' id='word_1_31' title='bbox 370 1081 464 1149; x_wconf 89' lang='lat' dir='ltr'><strong>pacto</strong></span> <span class='ocrx_word' id='word_1_32' title='bbox 483 1084 650 1132; x_wconf 89' lang='lat' dir='ltr'><strong>commune</strong></span> <span class='ocrx_word' id='word_1_33' title='bbox 672 1066 858 1146; x_wconf 88' lang='lat' dir='ltr'><strong>vinculum,</strong></span> <span class='ocrx_word' id='word_1_34' title='bbox 889 1067 981 1148; x_wconf 87' lang='lat' dir='ltr'><strong>quale</strong></span> <span class='ocrx_word' id='word_1_35' title='bbox 1004 1065 1072 1145; x_wconf 89' lang='lat' dir='ltr'><strong>sit,</strong></span> <span class='ocrx_word' id='word_1_36' title='bbox 1104 1067 1157 1130; x_wconf 86' lang='lat' dir='ltr'><strong>vel</strong></span> 
     </span>
     <span class='ocr_line' id='line_1_7' title="bbox 223 1163 1158 1266; baseline 0.001 -20"><span class='ocrx_word' id='word_1_37' title='bbox 223 1163 375 1265; x_wconf 85' lang='lat' dir='ltr'><strong>suspicari</strong></span> <span class='ocrx_word' id='word_1_38' title='bbox 400 1183 477 1248; x_wconf 89' lang='lat' dir='ltr'><strong>adeo</strong></span> <span class='ocrx_word' id='word_1_39' title='bbox 506 1182 652 1266; x_wconf 70' lang='lat' dir='ltr'><strong>poterit?</strong></span> <span class='ocrx_word' id='word_1_40' title='bbox 673 1183 844 1265; x_wconf 88' lang='lat' dir='ltr'><strong>Postquam</strong></span> <span class='ocrx_word' id='word_1_41' title='bbox 862 1200 940 1250; x_wconf 84' lang='lat' dir='ltr'><strong>vero</strong></span> <span class='ocrx_word' id='word_1_42' title='bbox 959 1185 1071 1249; x_wconf 86' lang='lat' dir='ltr'><strong>artium</strong></span> <span class='ocrx_word' id='word_1_43' title='bbox 1089 1178 1158 1247; x_wconf 87' lang='lat' dir='ltr'><strong>orn·</strong></span> 
     </span>
     <span class='ocr_line' id='line_1_8' title="bbox 221 1280 1156 1367; baseline 0 -3"><span class='ocrx_word' id='word_1_44' title='bbox 221 1281 309 1366; x_wconf 85' lang='lat' dir='ltr'><strong>nium</strong></span> <span class='ocrx_word' id='word_1_45' title='bbox 338 1299 530 1366; x_wconf 89' lang='lat' dir='ltr'><strong>laudatarum</strong></span> <span class='ocrx_word' id='word_1_46' title='bbox 560 1313 592 1365; x_wconf 89' lang='lat' dir='ltr'><strong>et</strong></span> <span class='ocrx_word' id='word_1_47' title='bbox 621 1300 830 1367; x_wconf 84' lang='lat' dir='ltr'><strong>doctrinarum</strong></span> <span class='ocrx_word' id='word_1_48' title='bbox 854 1299 968 1367; x_wconf 87' lang='lat' dir='ltr'><strong>studiis</strong></span> <span class='ocrx_word' id='word_1_49' title='bbox 995 1280 1156 1366; x_wconf 78' lang='lat' dir='ltr'><strong>excultum</strong></span> 
     </span>
     <span class='ocr_line' id='line_1_9' title="bbox 222 1415 1158 1503; baseline -0.003 -19"><span class='ocrx_word' id='word_1_50' title='bbox 222 1416 382 1503; x_wconf 83' lang='lat' dir='ltr'><strong>ingenium</strong></span> <span class='ocrx_word' id='word_1_51' title='bbox 404 1415 522 1497; x_wconf 83' lang='lat' dir='ltr'><strong>fuerit,</strong></span> <span class='ocrx_word' id='word_1_52' title='bbox 546 1431 611 1483; x_wconf 84' lang='lat' dir='ltr'><strong>urm</strong></span> <span class='ocrx_word' id='word_1_53' title='bbox 630 1417 753 1481; x_wconf 91' lang='lat' dir='ltr'><strong>demum</strong></span> <span class='ocrx_word' id='word_1_54' title='bbox 778 1417 884 1480; x_wconf 89' lang='lat' dir='ltr'><strong>licebit</strong></span> <span class='ocrx_word' id='word_1_55' title='bbox 896 1417 1008 1499; x_wconf 85' lang='lat' dir='ltr'><strong>juveni</strong></span> <span class='ocrx_word' id='word_1_56' title='bbox 1026 1430 1059 1481; x_wconf 91' lang='lat' dir='ltr'><strong>ct</strong></span> <span class='ocrx_word' id='word_1_57' title='bbox 1078 1433 1158 1482; x_wconf 89' lang='lat' dir='ltr'><strong>con·</strong></span> 
     </span>
     <span class='ocr_line' id='line_1_10' title="bbox 222 1526 1153 1618; baseline -0.002 -19"><span class='ocrx_word' id='word_1_58' title='bbox 222 1528 343 1618; x_wconf 84' lang='lat' dir='ltr'><strong>spicere</strong></span> <span class='ocrx_word' id='word_1_59' title='bbox 365 1535 416 1601; x_wconf 85' lang='lat' dir='ltr'><strong>eas</strong></span> <span class='ocrx_word' id='word_1_60' title='bbox 438 1531 548 1598; x_wconf 88' lang='lat' dir='ltr'><strong>mentis</strong></span> <span class='ocrx_word' id='word_1_61' title='bbox 577 1528 644 1593; x_wconf 87' lang='lat' dir='ltr'><strong>acie</strong></span> <span class='ocrx_word' id='word_1_62' title='bbox 662 1526 826 1594; x_wconf 90' lang='lat' dir='ltr'><strong>universas</strong></span> <span class='ocrx_word' id='word_1_63' title='bbox 852 1545 884 1595; x_wconf 88' lang='lat' dir='ltr'><strong>et</strong></span> <span class='ocrx_word' id='word_1_64' title='bbox 909 1526 1050 1596; x_wconf 84' lang='lat' dir='ltr'><strong>fructum</strong></span> <span class='ocrx_word' id='word_1_65' title='bbox 1076 1532 1153 1598; x_wconf 80' lang='lat' dir='ltr'><strong>hinc</strong></span> 
     </span>
     <span class='ocr_line' id='line_1_11' title="bbox 219 1643 1154 1735; baseline -0.002 -17"><span class='ocrx_word' id='word_1_66' title='bbox 219 1669 354 1735; x_wconf 86' lang='lat' dir='ltr'><strong>capere,</strong></span> <span class='ocrx_word' id='word_1_67' title='bbox 385 1648 441 1728; x_wconf 89' lang='lat' dir='ltr'><strong>qui</strong></span> <span class='ocrx_word' id='word_1_68' title='bbox 461 1647 500 1711; x_wconf 89' lang='lat' dir='ltr'><strong>ad</strong></span> <span class='ocrx_word' id='word_1_69' title='bbox 528 1643 666 1712; x_wconf 88' lang='lat' dir='ltr'><strong>civitatis</strong></span> <span class='ocrx_word' id='word_1_70' title='bbox 688 1646 889 1712; x_wconf 90' lang='lat' dir='ltr'><strong>commodum</strong></span> <span class='ocrx_word' id='word_1_71' title='bbox 915 1645 1154 1730; x_wconf 80' lang='lat' dir='ltr'><strong>provehendum</strong></span> 
     </span>
     <span class='ocr_line' id='line_1_12' title="bbox 218 1742 1153 1849; baseline 0.003 -17"><span class='ocrx_word' id='word_1_72' title='bbox 218 1764 393 1832; x_wconf 88' lang='lat' dir='ltr'><strong>uberrimus</strong></span> <span class='ocrx_word' id='word_1_73' title='bbox 419 1761 474 1829; x_wconf 89' lang='lat' dir='ltr'><strong>sit.</strong></span> <span class='ocrx_word' id='word_1_74' title='bbox 518 1761 609 1849; x_wconf 87' lang='lat' dir='ltr'><strong>Quae</strong></span> <span class='ocrx_word' id='word_1_75' title='bbox 633 1762 772 1830; x_wconf 87' lang='lat' dir='ltr'><strong>Platonis</strong></span> <span class='ocrx_word' id='word_1_76' title='bbox 803 1742 980 1846; x_wconf 81' lang='lat' dir='ltr'><strong>sententia,</strong></span> <span class='ocrx_word' id='word_1_77' title='bbox 1003 1762 1153 1835; x_wconf 81' lang='lat' dir='ltr'><strong>Ciceroni</strong></span> 
     </span>
     <span class='ocr_line' id='line_1_13' title="bbox 217 1879 1153 1971; baseline 0.004 -26"><span class='ocrx_word' id='word_1_78' title='bbox 217 1883 338 1971; x_wconf 63' lang='lat' dir='ltr'><strong>uulgo,</strong></span> <span class='ocrx_word' id='word_1_79' title='bbox 377 1893 414 1946; x_wconf 95' lang='lat' dir='ltr'><strong>ut</strong></span> <span class='ocrx_word' id='word_1_80' title='bbox 440 1879 602 1962; x_wconf 88' lang='lat' dir='ltr'><strong>vidimus,</strong></span> <span class='ocrx_word' id='word_1_81' title='bbox 640 1881 780 1961; x_wconf 90' lang='lat' dir='ltr'><strong>tributa,</strong></span> <span class='ocrx_word' id='word_1_82' title='bbox 815 1899 872 1965; x_wconf 90' lang='lat' dir='ltr'><strong>per</strong></span> <span class='ocrx_word' id='word_1_83' title='bbox 903 1882 1088 1951; x_wconf 90' lang='lat' dir='ltr'><strong>Ciceronem</strong></span> <span class='ocrx_word' id='word_1_84' title='bbox 1119 1898 1153 1951; x_wconf 95' lang='lat' dir='ltr'><strong>et</strong></span> 
     </span>
     <span class='ocr_line' id='line_1_14' title="bbox 218 1998 1153 2069; baseline 0.001 -2"><span class='ocrx_word' id='word_1_85' title='bbox 218 1998 427 2067; x_wconf 84' lang='lat' dir='ltr'><strong>celebritatem</strong></span> <span class='ocrx_word' id='word_1_86' title='bbox 449 2017 599 2064; x_wconf 89' lang='lat' dir='ltr'><strong>summam</strong></span> <span class='ocrx_word' id='word_1_87' title='bbox 627 2012 716 2064; x_wconf 87' lang='lat' dir='ltr'><strong>nacta</strong></span> <span class='ocrx_word' id='word_1_88' title='bbox 736 2011 785 2064; x_wconf 90' lang='lat' dir='ltr'><strong>est</strong></span> <span class='ocrx_word' id='word_1_89' title='bbox 804 2010 837 2065; x_wconf 91' lang='lat' dir='ltr'><strong>et</strong></span> <span class='ocrx_word' id='word_1_90' title='bbox 855 1998 1067 2067; x_wconf 89' lang='lat' dir='ltr'><strong>incredibilem</strong></span> <span class='ocrx_word' id='word_1_91' title='bbox 1083 2020 1153 2069; x_wconf 59' lang='lat' dir='ltr'><strong>om*</strong></span> 
     </span>
     <span class='ocr_line' id='line_1_15' title="bbox 219 2097 1150 2198; baseline 0.001 -14"><span class='ocrx_word' id='word_1_92' title='bbox 219 2117 254 2185; x_wconf 88' lang='lat' dir='ltr'><strong>ni</strong></span> <span class='ocrx_word' id='word_1_93' title='bbox 278 2097 357 2183; x_wconf 83' lang='lat' dir='ltr'><strong>aevo</strong></span> <span class='ocrx_word' id='word_1_94' title='bbox 380 2115 419 2181; x_wconf 90' lang='lat' dir='ltr'><strong>ad</strong></span> <span class='ocrx_word' id='word_1_95' title='bbox 448 2132 531 2182; x_wconf 89' lang='lat' dir='ltr'><strong>recte</strong></span> <span class='ocrx_word' id='word_1_96' title='bbox 557 2129 589 2181; x_wconf 89' lang='lat' dir='ltr'><strong>et</strong></span> <span class='ocrx_word' id='word_1_97' title='bbox 613 2115 902 2198; x_wconf 88' lang='lat' dir='ltr'><strong>philosophandum</strong></span> <span class='ocrx_word' id='word_1_98' title='bbox 922 2130 954 2184; x_wconf 90' lang='lat' dir='ltr'><strong>et</strong></span> <span class='ocrx_word' id='word_1_99' title='bbox 975 2133 1057 2186; x_wconf 88' lang='lat' dir='ltr'><strong>artes</strong></span> <span class='ocrx_word' id='word_1_100' title='bbox 1074 2100 1150 2185; x_wconf 63' lang='lat' dir='ltr'><strong>docss</strong></span> 
     </span>
     <span class='ocr_line' id='line_1_16' title="bbox 215 2232 1149 2315; baseline 0.006 -16"><span class='ocrx_word' id='word_1_101' title='bbox 215 2233 378 2315; x_wconf 75' lang='lat' dir='ltr'><strong>trinaeque</strong></span> <span class='ocrx_word' id='word_1_102' title='bbox 403 2232 577 2299; x_wconf 86' lang='lat' dir='ltr'><strong>tractandas</strong></span> <span class='ocrx_word' id='word_1_103' title='bbox 605 2247 662 2314; x_wconf 88' lang='lat' dir='ltr'><strong>per</strong></span> <span class='ocrx_word' id='word_1_104' title='bbox 690 2247 793 2300; x_wconf 89' lang='lat' dir='ltr'><strong>totum</strong></span> <span class='ocrx_word' id='word_1_105' title='bbox 818 2234 926 2301; x_wconf 87' lang='lat' dir='ltr'><strong>orbem</strong></span> <span class='ocrx_word' id='word_1_106' title='bbox 955 2237 1149 2305; x_wconf 88' lang='lat' dir='ltr'><strong>eruditorum</strong></span> 
     </span>
     <span class='ocr_line' id='line_1_17' title="bbox 215 2346 1147 2436; baseline 0.004 -19"><span class='ocrx_word' id='word_1_107' title='bbox 215 2351 280 2417; x_wconf 87' lang='lat' dir='ltr'><strong>vim</strong></span> <span class='ocrx_word' id='word_1_108' title='bbox 309 2348 417 2415; x_wconf 89' lang='lat' dir='ltr'><strong>habuit</strong></span> <span class='ocrx_word' id='word_1_109' title='bbox 439 2347 483 2414; x_wconf 70' lang='lat'>(¹).</span> <span class='ocrx_word' id='word_1_110' title='bbox 529 2348 591 2415; x_wconf 88' lang='lat' dir='ltr'><strong>Sed</strong></span> <span class='ocrx_word' id='word_1_111' title='bbox 625 2350 657 2415; x_wconf 91' lang='lat' dir='ltr'><strong>iu</strong></span> <span class='ocrx_word' id='word_1_112' title='bbox 695 2346 797 2434; x_wconf 90' lang='lat' dir='ltr'><strong>ipsius</strong></span> <span class='ocrx_word' id='word_1_113' title='bbox 837 2353 953 2436; x_wconf 81' lang='lat' dir='ltr'><strong>placito</strong></span> <span class='ocrx_word' id='word_1_114' title='bbox 986 2354 1147 2436; x_wconf 89' lang='lat' dir='ltr'><strong>Platonis,-</strong></span> 
     </span>
     <span class='ocr_line' id='line_1_18' title="bbox 173 2447 1147 2551; baseline 0.004 -17"><span class='ocrx_word' id='word_1_115' title='bbox 173 2530 176 2550; x_wconf 84' lang='grc'>,</span> <span class='ocrx_word' id='word_1_116' title='bbox 216 2447 304 2551; x_wconf 85' lang='lat' dir='ltr'><strong>quod</strong></span> <span class='ocrx_word' id='word_1_117' title='bbox 332 2467 445 2534; x_wconf 89' lang='lat' dir='ltr'><strong>Cicero</strong></span> <span class='ocrx_word' id='word_1_118' title='bbox 466 2465 535 2533; x_wconf 83' lang='lat' dir='ltr'><strong>sive</strong></span> <span class='ocrx_word' id='word_1_119' title='bbox 554 2485 621 2532; x_wconf 92' lang='lat' dir='ltr'><strong>non</strong></span> <span class='ocrx_word' id='word_1_120' title='bbox 639 2464 743 2549; x_wconf 88' lang='lat' dir='ltr'><strong>vidit,</strong></span> <span class='ocrx_word' id='word_1_121' title='bbox 764 2468 834 2534; x_wconf 87' lang='lat' dir='ltr'><strong>sive</strong></span> <span class='ocrx_word' id='word_1_122' title='bbox 849 2485 934 2535; x_wconf 86' lang='lat' dir='ltr'><strong>certe</strong></span> <span class='ocrx_word' id='word_1_123' title='bbox 957 2470 1061 2538; x_wconf 86' lang='lat' dir='ltr'><strong>verbis</strong></span> <span class='ocrx_word' id='word_1_124' title='bbox 1080 2480 1147 2539; x_wconf 88' lang='lat' dir='ltr'><strong>nori</strong></span> 
     </span>
     <span class='ocr_line' id='line_1_19' title="bbox 215 2582 1148 2670; baseline 0.005 -18"><span class='ocrx_word' id='word_1_125' title='bbox 215 2583 400 2667; x_wconf 83' lang='lat' dir='ltr'><strong>expressit,</strong></span> <span class='ocrx_word' id='word_1_126' title='bbox 444 2584 507 2650; x_wconf 86' lang='lat' dir='ltr'><strong>vim</strong></span> <span class='ocrx_word' id='word_1_127' title='bbox 540 2582 715 2650; x_wconf 90' lang='lat' dir='ltr'><strong>dialecticae</strong></span> <span class='ocrx_word' id='word_1_128' title='bbox 749 2603 815 2651; x_wconf 91' lang='lat' dir='ltr'><strong>non</strong></span> <span class='ocrx_word' id='word_1_129' title='bbox 856 2588 1148 2670; x_wconf 67' lang='lat' dir='ltr'><strong>praetermittamusa</strong></span> 
     </span>
     <span class='ocr_line' id='line_1_20' title="bbox 216 2701 1148 2789; baseline 0.005 -22"><span class='ocrx_word' id='word_1_130' title='bbox 216 2701 296 2767; x_wconf 93' lang='lat' dir='ltr'><strong>Non</strong></span> <span class='ocrx_word' id='word_1_131' title='bbox 324 2702 426 2765; x_wconf 92' lang='lat' dir='ltr'><strong>solum</strong></span> <span class='ocrx_word' id='word_1_132' title='bbox 452 2701 513 2766; x_wconf 92' lang='lat' dir='ltr'><strong>hoc</strong></span> <span class='ocrx_word' id='word_1_133' title='bbox 542 2701 694 2785; x_wconf 84' lang='lat' dir='ltr'><strong>praecipit</strong></span> <span class='ocrx_word' id='word_1_134' title='bbox 710 2703 794 2785; x_wconf 90' lang='lat' dir='ltr'><strong>apud</strong></span> <span class='ocrx_word' id='word_1_135' title='bbox 810 2721 881 2769; x_wconf 89' lang='lat' dir='ltr'><strong>eum</strong></span> <span class='ocrx_word' id='word_1_136' title='bbox 901 2702 1065 2787; x_wconf 81' lang='lat' dir='ltr'><strong>Socrates,</strong></span> <span class='ocrx_word' id='word_1_137' title='bbox 1087 2721 1148 2789; x_wconf 83' lang='lat' dir='ltr'><strong>ut,</strong></span> 
     </span>
     <span class='ocr_line' id='line_1_21' title="bbox 214 2814 1147 2901; baseline 0.004 -18"><span class='ocrx_word' id='word_1_138' title='bbox 214 2819 271 2901; x_wconf 85' lang='lat' dir='ltr'><strong>qui</strong></span> <span class='ocrx_word' id='word_1_139' title='bbox 295 2814 430 2882; x_wconf 90' lang='lat' dir='ltr'><strong>civitatis</strong></span> <span class='ocrx_word' id='word_1_140' title='bbox 455 2816 555 2879; x_wconf 90' lang='lat' dir='ltr'><strong>futuri</strong></span> <span class='ocrx_word' id='word_1_141' title='bbox 585 2816 716 2896; x_wconf 80' lang='lat' dir='ltr'><strong>perfecti</strong></span> <span class='ocrx_word' id='word_1_142' title='bbox 737 2819 934 2901; x_wconf 83' lang='lat' dir='ltr'><strong>magistratus</strong></span> <span class='ocrx_word' id='word_1_143' title='bbox 958 2836 1052 2900; x_wconf 91' lang='lat' dir='ltr'><strong>sunt,</strong></span> <span class='ocrx_word' id='word_1_144' title='bbox 1083 2823 1147 2887; x_wconf 58' lang='lat' dir='ltr'><strong>diss</strong></span> 
     </span>
     <span class='ocr_line' id='line_1_22' title="bbox 214 2918 1149 3021; baseline 0.002 -19"><span class='ocrx_word' id='word_1_145' title='bbox 214 2936 400 3021; x_wconf 88' lang='lat' dir='ltr'><strong>ciplinarum</strong></span> <span class='ocrx_word' id='word_1_146' title='bbox 428 2930 622 3014; x_wconf 89' lang='lat' dir='ltr'><strong>conspiciant</strong></span> <span class='ocrx_word' id='word_1_147' title='bbox 651 2918 875 3013; x_wconf 86' lang='lat' dir='ltr'><strong>cognationem</strong></span> <span class='ocrx_word' id='word_1_148' title='bbox 898 2946 1057 3015; x_wconf 86' lang='lat' dir='ltr'><strong>mutuam,</strong></span> <span class='ocrx_word' id='word_1_149' title='bbox 1091 2936 1149 3004; x_wconf 81' lang='lat' dir='ltr'><strong>sed</strong></span> 
     </span>
     <span class='ocr_line' id='line_1_23' title="bbox 144 3038 1148 3135; baseline -0.013 -10"><span class='ocrx_word' id='word_1_150' title='bbox 144 3107 152 3125; x_wconf 90' lang='lat'><strong><em>.</em></strong></span> <span class='ocrx_word' id='word_1_151' title='bbox 217 3072 294 3122; x_wconf 84' lang='lat' dir='ltr'><strong>vero</strong></span> <span class='ocrx_word' id='word_1_152' title='bbox 324 3050 504 3129; x_wconf 70' lang='lat' dir='ltr'><strong>limitem,</strong></span> <span class='ocrx_word' id='word_1_153' title='bbox 526 3061 563 3114; x_wconf 90' lang='lat' dir='ltr'><strong>ut</strong></span> <span class='ocrx_word' id='word_1_154' title='bbox 592 3038 785 3133; x_wconf 71' lang='lat' dir='ltr'><strong>perspiciant</strong></span> <span class='ocrx_word' id='word_1_155' title='bbox 804 3048 898 3113; x_wconf 87' lang='lat' dir='ltr'><strong>simul</strong></span> <span class='ocrx_word' id='word_1_156' title='bbox 923 3058 995 3122; x_wconf 65' lang='lat' dir='ltr'><strong>eof,</strong></span> <span class='ocrx_word' id='word_1_157' title='bbox 1026 3054 1148 3135; x_wconf 64' lang='lat' dir='ltr'><strong>lum</strong></span> 
     </span>
     <span class='ocr_line' id='line_1_24' title="bbox 216 3158 1147 3244; baseline 0.001 -6"><span class='ocrx_word' id='word_1_158' title='bbox 216 3185 367 3239; x_wconf 88' lang='lat' dir='ltr'><strong>naturam.</strong></span> <span class='ocrx_word' id='word_1_159' title='bbox 412 3158 503 3232; x_wconf 77' lang='lat' dir='ltr'><strong>¹Hoc</strong></span> <span class='ocrx_word' id='word_1_160' title='bbox 529 3180 632 3231; x_wconf 88' lang='lat' dir='ltr'><strong>autem</strong></span> <span class='ocrx_word' id='word_1_161' title='bbox 663 3178 700 3229; x_wconf 93' lang='lat' dir='ltr'><strong>ut</strong></span> <span class='ocrx_word' id='word_1_162' title='bbox 723 3162 800 3244; x_wconf 90' lang='lat' dir='ltr'><strong>fiat,</strong></span> <span class='ocrx_word' id='word_1_163' title='bbox 832 3179 961 3232; x_wconf 92' lang='lat' dir='ltr'><strong>utnon</strong></span> <span class='ocrx_word' id='word_1_164' title='bbox 993 3167 1147 3238; x_wconf 86' lang='lat' dir='ltr'><strong>fluctuent</strong></span> 
     </span>
     <span class='ocr_line' id='line_1_25' title="bbox 213 3280 1149 3371; baseline 0.002 -18"><span class='ocrx_word' id='word_1_165' title='bbox 213 3287 361 3354; x_wconf 88' lang='lat' dir='ltr'><strong>custodes</strong></span> <span class='ocrx_word' id='word_1_166' title='bbox 383 3280 612 3365; x_wconf 89' lang='lat' dir='ltr'><strong>opinionibus,</strong></span> <span class='ocrx_word' id='word_1_167' title='bbox 632 3280 689 3346; x_wconf 93' lang='lat' dir='ltr'><strong>sed</strong></span> <span class='ocrx_word' id='word_1_168' title='bbox 704 3282 855 3347; x_wconf 88' lang='lat' dir='ltr'><strong>adrentm</strong></span> <span class='ocrx_word' id='word_1_169' title='bbox 876 3282 1060 3371; x_wconf 85' lang='lat' dir='ltr'><strong>scientiam,</strong></span> <span class='ocrx_word' id='word_1_170' title='bbox 1082 3288 1149 3355; x_wconf 88' lang='lat' dir='ltr'><strong>imo·</strong></span> 
     </span>
     <span class='ocr_line' id='line_1_26' title="bbox 216 3394 1147 3485; baseline -0.008 -14"><span class='ocrx_word' id='word_1_171' title='bbox 216 3420 293 3471; x_wconf 83' lang='lat' dir='ltr'><strong>vero</strong></span> <span class='ocrx_word' id='word_1_172' title='bbox 321 3399 359 3466; x_wconf 92' lang='lat' dir='ltr'><strong>ad</strong></span> <span class='ocrx_word' id='word_1_173' title='bbox 396 3404 470 3470; x_wconf 78' lang='lat' dir='ltr'><strong>cod</strong></span> <span class='ocrx_word' id='word_1_174' title='bbox 497 3394 617 3476; x_wconf 74' lang='lat' dir='ltr'><strong>ducac</strong></span> <span class='ocrx_word' id='word_1_175' title='bbox 644 3401 776 3484; x_wconf 79' lang='grc' dir='ltr'><em>Φύσιν</em></span> <span class='ocrx_word' id='word_1_176' title='bbox 807 3400 1012 3485; x_wconf 86' lang='lat' dir='ltr'><strong>perveniant,</strong></span> <span class='ocrx_word' id='word_1_177' title='bbox 1050 3407 1147 3474; x_wconf 81' lang='lat' dir='ltr'><strong>arith.</strong></span> 
     </span>
    </p>

    <p class='ocr_par' dir='ltr' id='par_1_3' title="bbox 1081 3526 1147 3593">
     <span class='ocr_line' id='line_1_27' title="bbox 1081 3526 1147 3593; baseline 0.03 -2"><span class='ocrx_word' id='word_1_178' title='bbox 1081 3526 1147 3593; x_wconf 81' lang='lat' dir='ltr'><strong>md·</strong></span> 
     </span>
    </p>
   </div>
   <div class='ocr_carea' id='block_1_3' title="bbox 211 3695 1150 4054">
    <p class='ocr_par' dir='ltr' id='par_1_4' title="bbox 211 3695 1150 4054">
     <span class='ocr_line' id='line_1_28' title="bbox 250 3695 1148 3771; baseline 0.013 -22"><span class='ocrx_word' id='word_1_179' title='bbox 250 3701 297 3771; x_wconf 85' lang='grc' dir='ltr'><strong>(ι)</strong></span> <span class='ocrx_word' id='word_1_180' title='bbox 326 3698 493 3754; x_wconf 69' lang='lat' dir='ltr'><strong>Senmtiam</strong></span> <span class='ocrx_word' id='word_1_181' title='bbox 526 3699 624 3755; x_wconf 78' lang='lat' dir='ltr'><strong>Cicero</strong></span> <span class='ocrx_word' id='word_1_182' title='bbox 652 3700 709 3767; x_wconf 76' lang='lat' dir='ltr'><strong>ipae</strong></span> <span class='ocrx_word' id='word_1_183' title='bbox 736 3695 845 3752; x_wconf 67' lang='lat' dir='ltr'><strong>Platoni</strong></span> <span class='ocrx_word' id='word_1_184' title='bbox 877 3703 975 3757; x_wconf 79' lang='lat' dir='ltr'><strong>tribuit</strong></span> <span class='ocrx_word' id='word_1_185' title='bbox 1002 3703 1035 3757; x_wconf 81' lang='lat' dir='ltr'><strong>de</strong></span> <span class='ocrx_word' id='word_1_186' title='bbox 1065 3707 1148 3766; x_wconf 67' lang='lat' dir='ltr'><strong>Orat«</strong></span> 
     </span>
     <span class='ocr_line' id='line_1_29' title="bbox 216 3794 1144 3865; baseline 0.008 -11"><span class='ocrx_word' id='word_1_187' title='bbox 216 3794 274 3854; x_wconf 89' lang='lat' dir='ltr'><strong>lli.</strong></span> <span class='ocrx_word' id='word_1_188' title='bbox 291 3801 317 3854; x_wconf 83' lang='lat'><strong>6.</strong></span> <span class='ocrx_word' id='word_1_189' title='bbox 335 3801 389 3852; x_wconf 65' lang='lat' dir='ltr'><strong>Bet</strong></span> <span class='ocrx_word' id='word_1_190' title='bbox 405 3802 457 3853; x_wconf 78' lang='lat' dir='ltr'><strong>illa</strong></span> <span class='ocrx_word' id='word_1_191' title='bbox 474 3802 606 3853; x_wconf 79' lang='lat' dir='ltr'><strong>Plutonia</strong></span> <span class='ocrx_word' id='word_1_192' title='bbox 621 3818 687 3853; x_wconf 78' lang='lat' dir='ltr'><strong>vara</strong></span> <span class='ocrx_word' id='word_1_193' title='bbox 703 3819 777 3865; x_wconf 76' lang='lat' dir='ltr'><strong>vox,</strong></span> <span class='ocrx_word' id='word_1_194' title='bbox 801 3818 907 3854; x_wconf 79' lang='lat' dir='ltr'><strong>omnem</strong></span> <span class='ocrx_word' id='word_1_195' title='bbox 924 3804 1078 3858; x_wconf 75' lang='lat' dir='ltr'><strong>doctrinam</strong></span> <span class='ocrx_word' id='word_1_196' title='bbox 1094 3811 1144 3862; x_wconf 80' lang='lat' dir='ltr'><strong>ira-</strong></span> 
     </span>
     <span class='ocr_line' id='line_1_30' title="bbox 211 3886 1150 3974; baseline 0.017 -25"><span class='ocrx_word' id='word_1_197' title='bbox 211 3886 417 3971; x_wconf 58' lang='lat' dir='ltr'><strong>genuamm&#39;aet</strong></span> <span class='ocrx_word' id='word_1_198' title='bbox 435 3898 622 3953; x_wconf 64' lang='lat' dir='ltr'><strong>humerorum</strong></span> <span class='ocrx_word' id='word_1_199' title='bbox 646 3899 752 3952; x_wconf 58' lang='lat' dir='ltr'><strong>&amp;fiam</strong></span> <span class='ocrx_word' id='word_1_200' title='bbox 774 3914 832 3954; x_wconf 81' lang='lat' dir='ltr'><strong>uno</strong></span> <span class='ocrx_word' id='word_1_201' title='bbox 856 3903 974 3974; x_wconf 76' lang='lat' dir='ltr'><strong>quodam</strong></span> <span class='ocrx_word' id='word_1_202' title='bbox 997 3908 1150 3966; x_wconf 52' lang='lat' dir='ltr'><strong>societati}</strong></span> 
     </span>
     <span class='ocr_line' id='line_1_31' title="bbox 213 3999 488 4054; baseline 0.011 -3"><span class='ocrx_word' id='word_1_203' title='bbox 213 4001 324 4053; x_wconf 68' lang='lat' dir='ltr'><strong>vinculo</strong></span> <span class='ocrx_word' id='word_1_204' title='bbox 342 3999 488 4054; x_wconf 74' lang='lat' dir='ltr'><strong>contineri.</strong></span> 
     </span>
    </p>
   </div>
   <div class='ocr_carea' id='block_1_4' title="bbox 0 0 1500 5220">
    <p class='ocr_par' dir='ltr' id='par_1_5' title="bbox 0 0 1500 5220">
     <span class='ocr_line' id='line_1_32' title="bbox 0 0 1500 5220; baseline 0 3"><span class='ocrx_word' id='word_1_205' title='bbox 0 0 1500 5220; x_wconf 95' lang='lat' dir='ltr'><strong> </strong></span> 
     </span>
    </p>
   </div>
  </div>
 </body>
</html>
