2992 5220
766 425 942 489 ..16-

387 625 553 675 commune
575 603 785 692 principium:
809 619 841 671 et
865 623 941 670 vero
974 603 1046 671 hinc
1074 601 1160 671 forte
1186 608 1248 691 jam
1268 627 1322 675 su-

389 727 528 810 spicetur
554 724 687 806 aliquis,
721 721 814 803 quale
842 720 884 786 sit
914 718 993 786 illud
1021 720 1169 804 undeque
1197 722 1323 806 profec-

392 857 483 923 tum,
505 841 593 925 quod
615 839 729 907 Cicero
750 838 937 922 praedicovit
955 837 1178 923 disertissime,
1199 844 1321 907 artium

388 963 523 1026 menium
550 974 581 1023 ct
603 956 821 1023 doctrinarum
847 976 1003 1023 commune
1023 957 1193 1026 uinculum.
1246 960 1321 1048 Quo

389 1096 465 1144 stne
503 1074 619 1158 placito
649 1074 702 1141 vu
732 1075 832 1141 ullum
866 1072 990 1140 exstitit
1027 1073 1060 1140 in
1095 1075 1322 1161 philosophia,

390 1191 479 1275 quod
496 1209 658 1274 germanos
679 1190 890 1275 philosophos
909 1190 1006 1275 magis
1022 1192 1265 1287 jucundiusque
1277 1210 1324 1262 te·

390 1321 491 1373 neret.
536 1307 608 1373 Nos
638 1325 714 1374 vero
736 1327 777 1373 ne
801 1306 1005 1374 festinemus!
1039 1309 1144 1375 Lente
1162 1312 1324 1397 progredi·

392 1436 445 1487 tur
479 1423 648 1502 Socrates,
672 1440 826 1505 ¹quaeque
854 1423 916 1505 iam
941 1439 1000 1505 spe
1032 1435 1063 1485 et
1089 1424 1324 1504 exspectatione

391 1540 632 1625 praecepimus,
654 1556 714 1602 suo
741 1535 834 1602 nobis
861 1539 935 1602 loco
957 1536 1026 1603 sive
1050 1539 1236 1607 monstrabit
1255 1540 1325 1610 sive

392 1655 556 1721 divinanda
580 1653 752 1737 praebebit.
817 1654 913 1720 Nunc
946 1657 1197 1739 monstratum,
1241 1659 1325 1727 unde

391 1773 430 1838 ad
474 1789 539 1837 rem
572 1784 789 1855 praesentem,
831 1771 871 1836 ad
903 1771 1038 1838 indolem
1075 1775 1324 1857 cognoscendam

392 1888 645 1972 philosopham,
697 1890 906 1972 conjecturam
952 1908 1064 1973 capere
1100 1891 1201 1958 liceat.
1265 1892 1325 1958 Vr·

391 2005 425 2073 ni
461 2019 610 2071 memorat
642 2002 778 2084 avidos,
817 2002 927 2069 avidos
959 2004 1050 2071 etiam
1083 2005 1227 2073 honoris.
1283 2007 1327 2073 ll·

274 2118 279 2131 '
392 2124 468 2202 los,
499 2121 563 2200 ait,
597 2137 703 2185 noune
730 2118 809 2186 idem
835 2118 937 2187 facere
966 2120 1078 2201 vides,
1100 2122 1188 2203 quod
1207 2138 1325 2188 amato·

392 2237 469 2305 res?
490 2239 611 2302 nullum
633 2254 699 2301 non
725 2235 833 2301 vinum
865 2237 949 2300 nulla
970 2251 1035 2297 non
1052 2234 1172 2301 ratione
1189 2249 1221 2301 et
1236 2253 1324 2304 com·

390 2356 588 2422 mendatione
613 2354 747 2433 diligunt
769 2349 959 2415 etlaudant.
980 2349 1097 2415 -Sic
1122 2348 1254 2417 faciunt.
1277 2390 1324 2408 -

393 2473 438 2538 Et
472 2489 548 2534 vero
577 2468 634 2550 qui
664 2465 794 2532 honoris
830 2481 905 2530 sunt
938 2466 1045 2550 cupidi
1076 2480 1108 2533 et
1140 2468 1323 2552 ambitiosi,

393 2587 474 2664 hos,
504 2580 659 2661 arbitror,
692 2579 834 2660 novisti,
867 2581 896 2647 si
924 2581 1038 2649 ducere
1066 2584 1223 2652 exercitus
1256 2605 1322 2655 non
1417 2630 1420 2637 ι

391 2715 553 2787 possunt,
584 2698 729 2764 tribunos
758 2718 829 2765 esse
855 2699 1018 2780 lubenter,
1048 2702 1263 2786 eosdemque,
1295 2706 1325 2772 si

393 2818 477 2904 apud
506 2818 638 2899 majores
667 2814 903 2898 nobilioresque
940 2818 1029 2882 nullo
1063 2832 1140 2884 sunt
1178 2820 1325 2903 honore,

386 2949 562 3003 ¹contentos
592 2951 663 3000 esse
686 2947 812 3014 tamen,
845 2932 901 2999 ubi
924 2953 942 2999 a
968 2933 1144 3001 minoribus
1174 2951 1207 3002 et
1235 2937 1326 3022 igno·

392 3052 562 3121 billoribus
603 3051 820 3117 honorantur:
865 3050 986 3134 quippe
1020 3050 1149 3119 omnino
1193 3055 1325 3122 honoris

396 3171 544 3255 cupidos.
565 3201 613 3220 ·-
632 3168 679 3232 lta
707 3168 799 3250 plane
822 3185 858 3235 se
885 3186 935 3235 res
959 3167 1064 3236 habet.
1093 3210 1137 3223 -
1164 3172 1238 3240 Hoc
1267 3173 1327 3261 igi·

395 3300 469 3370 tur,
500 3305 521 3351 0
553 3283 704 3365 Glauco,
735 3285 787 3351 vel
815 3283 1026 3353 affirmandum
1056 3303 1105 3355 est
1132 3290 1253 3372 nobis,
1274 3294 1327 3357 vel

396 3419 457 3486 tu,
498 3403 526 3470 si
552 3415 667 3486 potes,
700 3419 799 3486 nega,
829 3401 886 3486 qui
914 3419 1066 3489 expetunt
1091 3406 1209 3487 aliquid
1230 3405 1327 3473 vehe-

384 3508 540 3603 menter,
580 3538 646 3587 non
675 3519 785 3605 partim
817 3521 877 3588 hoc
900 3522 978 3589 illos
1010 3518 1182 3603 persequi,
1211 3521 1325 3604 partim

395 3653 618 3719 contemnere,
640 3638 696 3705 sed
715 3651 819 3707 totum
847 3638 988 3721 diligere.
1013 3673 1059 3688 -
1088 3632 1337 3724 Totumillud,'

389 3744 468 3841 ijo,
490 3752 636 3838 diligunt.
668 3786 715 3807 —
744 3750 832 3835 Ergo
863 3750 1029 3834 φιλόσοφον
1051 3747 1190 3820 dicemus
1216 3760 1327 3842 σοφίας

388 3878 466 3941 'esse
491 3884 683 3950 amatorem,
702 3885 768 3934 non
794 3864 958 3951 peculiaris
977 3867 1161 3952 cujusdam,
1182 3870 1238 3935 sed
1259 3888 1328 3937 om.

397 3988 448 4059 uit
477 3986 620 4057 omnino.
652 4021 697 4039 ·-
724 3982 861 4065 Omnis,
882 3978 994 4052 fateor.
1024 4021 1069 4039 -·
1098 3984 1183 4054 Eum
1207 3986 1326 4072 igitur,

1270 4121 1326 4188 qur
