2992 5220
638 471 833 537 ..ψ-

273 622 396 697 celleret
421 626 566 697 maxime.
612 632 744 716 Lugenti
771 648 858 701 cette
884 648 915 702 et
937 633 1010 701 baec
1039 634 1097 704 viti
1122 657 1199 722 ope-

277 755 315 814 ta'
334 749 477 832 primatia
498 764 531 815 et
559 749 776 816 Memorabilia
807 751 902 830 item,
935 752 989 818 vix
1009 753 1085 820 mibi
1110 756 1208 839 quid·

278 878 370 947 tuam
400 866 555 947 occurrit,
585 858 661 949 quin
689 868 1074 948 admirer31oillov'ero
1102 890 1208 955 opus*

276 985 350 1049 culo
375 1001 441 1048 non
470 1002 568 1067 pauca
598 997 744 1065 exstant,
767 984 799 1049 in
828 986 944 1068 quibus
975 987 1029 1054 vix
1043 1005 1204 1073 agnosco-

168 1075 173 1084 ’
279 1111 312 1168 tc
332 1101 484 1185 integrum
501 1100 586 1166 illum
604 1101 823 1184 xenophontis
845 1079 1124 1204 incorruptumque
1138 1109 1203 1174 cle·

279 1217 401 1302 gantiae
429 1235 555 1284 sensum
591 1217 676 1283 licet.
720 1217 856 1285 Videtur
889 1235 1018 1304 auctor,
1051 1225 1139 1307 quod
1169 1226 1209 1292 in·

280 1338 421 1408 Luciano
449 1335 727 1403 animadvertemus
748 1337 954 1421 praesertim,
975 1319 1129 1407 levitatem
1149 1360 1206 1406 co·

278 1456 429 1523 micorum
449 1473 521 1520 cum
545 1451 700 1518 Socratica
728 1452 849 1520 ratione
872 1458 1063 1541 conjungere
1082 1459 1204 1524 voluis·

279 1593 335 1642 se:
379 1572 466 1654 quod
495 1588 553 1636 nec
584 1569 688 1635 voluit
716 1588 773 1635 nec
805 1568 880 1636 fecit
906 1568 1008 1638 Plato.
1072 1573 1200 1639 Utinam

277 1708 354 1756 uero
364 1685 545 1754 Aristotelis
555 1699 754 1765 superessent
772 1686 907 1772 dialogi,
920 1707 1002 1769 quos
1020 1688 1071 1755 hic
1085 1692 1204 1759 multos

279 1800 473 1888 aegregios
495 1799 659 1882 scripsisse
683 1800 816 1867 dicitur!
841 1802 912 1869 Hos
934 1803 1210 1889 operaepretium

279 1935 363 1991 essct
388 1936 460 1985 cum
483 1910 650 1984 Platonicis
671 1915 826 1986 conferre.
868 1918 972 2000 Nam,
994 1934 1030 1986 ut
1049 1940 1106 1989 sua
1124 1941 1203 2001 usus

279 2040 329 2106 cst
358 2036 391 2102 in
405 2032 671 2118 philosophando
698 2028 873 2102 et'tatione
899 2051 932 2101 et
956 2039 1116 2118 oratione,
1138 2039 1203 2120 ita,

279 2160 353 2224 'cum
390 2150 538 2218 scriberet
575 2149 740 2233 dialogos,
784 2151 944 2235 probabile
971 2169 1043 2237 cst,
1084 2157 1113 2222 si
1139 2176 1204 2224 nun

279 2271 417 2350 melius,
439 2267 592 2351 peculiare
611 2267 695 2334 bunc
714 2281 801 2336 certe
823 2269 1015 2354 dialogorum
1036 2289 1135 2357 genus
1157 2275 1204 2340 in·

279 2388 418 2458 duxisse.
482 2385 559 2453 Non
589 2384 671 2451 enim
699 2384 855 2453 subtilitas
886 2384 1026 2472 ingenii,
1068 2404 1104 2456 ut
1130 2407 1206 2458 sunt

281 2507 337 2594 qui
356 2517 491 2589 putent,
513 2500 697 2586 probibuit,
719 2521 786 2584 quo
814 2502 918 2570 minus
938 2502 1094 2590 eleganter
1111 2509 1204 2574 simul

281 2622 325 2686 e'iv
339 2631 430 2684 acute
445 2615 614 2684 scriberet.
680 2617 880 2684 Contrarium
913 2619 1007 2685 nobis
1041 2625 1207 2705 persuadet

280 2738 420 2818 Cicero,
464 2734 519 2818 qui
548 2734 594 2800 nil
618 2750 757 2800 coesse
784 2735 930 2816 acutius,
972 2735 1051 2802 nihil
1076 2739 1205 2822 politius

279 2854 411 2921 statuit:
455 2851 536 2918 idem
562 2851 639 2918 adeo
669 2851 701 2916 in
725 2851 904 2919 celebranda
933 2853 1001 2938 ejus
1032 2854 1204 2937 oratione,

281 2969 472 3038 nonninus
500 2988 592 3051 quam
631 2968 664 3032 in
691 2967 856 3049 Platonis,
882 2967 944 3035 sibi
976 2971 1133 3055 placuisse
1157 2974 1208 3041 vl·

280 3086 382 3153 detur.
419 3080 652 3148 ,Incredibilem
679 3097 774 3161 esse,
806 3083 871 3163 ait,
904 3082 936 3146 in
965 3085 1140 3152 Aristotele
1159 3087 1207 3153 di·

281 3201 372 3271 cendi
409 3199 533 3283 copiam
560 3209 593 3264 et
629 3195 831 3263 suavitatcma
871 3195 1004 3265 fundere
1036 3217 1108 3267 eum
1139 3203 1207 3286 pla.

280 3326 321 3390 ne
348 3320 464 3387 flumen
493 3314 643 3381 orationis
664 3332 814 3381 aureuma
835 3315 988 3383 neminem
1007 3318 1060 3384 'eo-
1078 3319 1110 3387 in
1131 3322 1210 3388 scria

278 3437 384 3504 bendo
410 3431 624 3500 nervosiorein
657 3429 774 3499 fuisset
814 3435 1000 3501 aemulatum
1029 3437 1106 3504 adeo
1135 3457 1207 3508 cum

278 3554 353 3636 ipso
369 3550 509 3616 Isocrate
537 3547 636 3614 fuisse
663 3563 695 3614 et
731 3550 926 3618 lacessivisse
949 3551 1032 3618 hunc
1056 3555 1209 3621 orationis

280 3666 405 3731 ornatu.
468 3664 562 3730 Haud
592 3665 634 3731 ita
655 3664 713 3731 rati
742 3667 825 3750 apud
848 3667 1020 3750 antiquos,
1053 3685 1100 3735 ·ut
1121 3669 1208 3752 apud

126 3831 130 3839 .
278 3798 366 3862 nos,
397 3793 508 3861 erant,
538 3780 593 3863 qui
619 3780 783 3864 cogitandi·
804 3780 1015 3847 subtilitatem
1035 3799 1107 3848 curn
1132 3782 1210 3848 scri·

191 3960 199 3970 ,
278 3878 372 3964 bettdi
389 3896 542 3980 'elegenda
570 3898 752 3983 jungerent:
776 3897 833 3960 hac
857 3895 946 3960 laude
973 3895 1066 3978 prisci
1088 3898 1209 3973 Acade·

278 4011 350 4086 ulei
370 4030 407 4080 ac
428 4012 623 4097 Peripatetici
643 4007 775 4081 'fucum
793 4010 862 4079 fera
880 4029 1010 4082 omuest
1028 4013 1103 4100 ipse
1117 4017 1210 4084 Aris*

285 4146 289 4151 ·
1123 4146 1206 4197 tote·
