2992 5220
761 419 993 504 ‚-80,-

443 595 567 665 Horum
594 597 704 668 civitas
720 611 796 684 post
825 596 944 664 bellum
967 599 1124 668 Persicum
1144 600 1298 671 dieatntm
1317 606 1374 675 es'⁴

361 726 389 756 ·'
439 733 477 784 se
504 717 611 800 coepit
633 714 745 781 artium
770 715 910 782 omnium
929 731 963 782 et
991 694 1226 802 doctrinarum,
1248 741 1314 802 quo
1336 736 1369 788 et

439 831 494 898 alii
520 832 644 898 aliunde
666 845 698 898 et
724 833 930 914 undecunque
957 831 1127 918 Sophisme
1147 835 1368 920 confluentes,

439 948 494 1016 hle
522 967 624 1016 rerum
652 949 819 1035 peritiam,
859 950 913 1017 hle
940 952 1138 1033 eloquentiae
1167 950 1368 1037 facultatem,

424 1066 492 1134 'hle
522 1066 653 1132 maxime
680 1067 915 1135 benedicendi
949 1067 1171 1152 scribendique
1205 1085 1305 1137 artem
1335 1083 1369 1137 ct

386 1165 388 1170 ’
438 1183 636 1250 armabant
668 1183 795 1267 publice
824 1200 856 1251 at
883 1165 1052 1256 uuluam.
1116 1187 1183 1274 Qut
1220 1193 1299 1255 vero
1332 1189 1367 1255 tn

436 1299 525 1370 hisce
553 1314 614 1368 tam
638 1304 858 1385 eloquentiae,
880 1323 971 1385 quam
992 1302 1169 1370 dialecticae
1183 1304 1275 1370 laude
1293 1319 1370 1385 prae

433 1418 564 1488 caeteris
592 1419 803 1484 inclaruerunt
831 1416 1004 1496 omnibus,
1033 1435 1101 1482 non
1130 1418 1289 1498 maenae,
1310 1416 1367 1482 sed

435 1536 586 1624 ejusdem·
600 1593 603 1598 ,
616 1534 710 1616 hujus
749 1531 885 1598 civitatis
922 1530 1062 1617 inclytae
1094 1533 1182 1600 ciret
1221 1530 1363 1600 fuerttnt.

435 1650 508 1717 Una
538 1648 614 1714 urbs
639 1647 768 1732 Attica,
799 1649 843 1714 ait
857 1639 1013 1735 ‘Velleius
1039 1650 1245 1731 Patetaulns,
1266 1649 1368 1734 pluri·

434 1765 495 1839 bue
523 1783 616 1833 sanae
646 1765 865 1848 eloquentiae,
902 1784 995 1849 quam
1024 1765 1178 1834 univesa*
1206 1742 1365 1847 Graecia,

433 1882 583 1967 operibus
605 1881 714 1949 floruit
734 1880 780 1950 ω.
810 1883 972 1968 Principes
998 1900 1140 1950 oratores
1159 1882 1260 1950 Attici
1294 1881 1365 1950 fue·

432 2015 532 2082 runt,
553 1999 687 2066 Pericles
715 2013 747 2064 et
769 1999 1023 2066 Demosthenes:
1047 1999 1146 2066 Attici
1167 1998 1366 2082 eloquentiae

431 2117 578 2184 doctores
609 2114 960 2200 primarii‚3Autiphon
986 2114 1217 2189 etIsocrttese
1238 2115 1362 2196 Attici,

434 2236 522 2319 quod
548 2234 682 2300 maxime
711 2233 1035 2313 animadvertendum,
1075 2232 1256 2298 dialecticae
1278 2250 1366 2318 >ger·

431 2371 539 2420 manae
571 2366 740 2430 auctores,
778 2347 922 2413 Socrates
949 2361 982 2413 et
1010 2347 1112 2412 Plato
1176 2347 1276 2415 Etsi
1304 2347 1362 2429 qui

431 2469 557 2539 aliunde
576 2465 700 2532 oriundi
730 2463 780 2528 his
803 2462 918 2528 studiis
948 2465 1188 2547 excelluerunt,
1214 2481 1251 2533 ut
1270 2465 1365 2533 Aris-

430 2588 569 2664 toteles,
591 2579 769 2647 dialecticus
789 2581 881 2664 plane
896 2597 1150 2665 consummatus,
1172 2601 1361 2666 quamquem

431 2720 498 2769 nou
527 2714 654 2780 orator,
674 2697 709 2765 hi
736 2695 803 2764 fere
823 2713 856 2765 ct
885 2697 962 2765 dicti
988 2715 1070 2765 sunt·
1092 2698 1192 2765 Attici
1212 2713 1245 2766 et
1270 2698 1360 2765 habi·

431 2818 480 2899 ti,
502 2815 623 2900 quippe
649 2814 787 2900 ejusdem
811 2813 900 2904 urbis
929 2816 1054 2879 Atticae
1073 2800 1249 2899 disciplinis
1270 2833 1288 2880 a
1314 2828 1364 2882 te·

430 2939 507 3004 neri
530 2934 604 3000 inde
631 2944 731 2998 aetate
757 2930 873 2997 imbuti
901 2944 934 2996 et
961 2930 1092 2997 exculti.
1147 2931 1360 3019 Quamobrem

428 3052 606 3121 studiorum
637 3050 751 3115 horum
781 3046 870 3113 initia
907 3046 1033 3114 aliunde
1066 3049 1233 3131 repetenda
1260 3065 1360 3132 sunt,

430 3170 487 3235 sed
517 3168 585 3248 ipsa
613 3180 673 3230 tam
707 3163 864 3247 cogitandi
899 3163 1002 3244 bene,
1034 3182 1128 3246 quam
1155 3165 1281 3233 dicendi
1309 3167 1362 3234 ars

429 3280 566 3352 Athenis
591 3278 716 3345 demum
742 3278 782 3344 ab
811 3278 888 3363 ipsis
918 3280 1167 3348 Athmiensibus
1194 3283 1242 3349 sic
1275 3285 1361 3352 culta

430 3411 503 3480 est,
524 3410 561 3462 ut
587 3394 626 3462 ab
651 3394 700 3462 his
726 3394 819 3463 unice
845 3411 878 3464 ct
901 3398 1047 3480 aequales
1063 3412 1096 3465 et
1113 3400 1233 3483 posteri
1255 3417 1360 3467 exem·

1305 3517 1360 3604 pla

464 3716 506 3788 (ι)
525 3712 600 3767 vsu.
617 3712 676 3765 nt.
695 3712 720 3766 r.
738 3716 780 3769 ra.
804 3711 837 3765 tt
854 3713 982 3781 patmus·
1004 3711 1160 3766 austun
1188 3686 1363 3770 ‹statuturo-⁴

425 3833 471 3872 tte.
505 3813 596 3884 Vulgo
613 3811 720 3882 legitur:
737 3810 865 3884 pluribus
881 3815 963 3866 annis
979 3813 1170 3886 eloquentiae,
1188 3831 1273 3887 quum
1289 3818 1359 3868 uttt'·
1428 3871 1439 3901 ι

425 3934 505 3973 mea
524 3913 664 3976 Graecia,
692 3908 872 3984 operibusque
891 3911 1005 3982 floruit.
1041 3908 1080 3967 V.
1096 3909 1168 3967 lluu
1185 3911 1258 3968 cnt.
1273 3910 1353 3968 uret.

427 4015 527 4074 Graec.
545 4030 574 4084 p·
590 4009 650 4083 57·-
