2992 5220
792 496 964 559 ...24-

417 654 499 722 citur
528 668 629 722 autem
659 671 816 721 unacum
847 653 1019 719 Theodoro
1040 665 1265 736 praeceptore,
1287 655 1343 736 qui

416 788 498 837 unus
519 771 624 854 potuit
654 771 773 854 optime
799 772 838 836 dc
864 771 932 854 ejus
964 769 1089 854 ingenio
1107 770 1255 854 judicare.
1300 772 1345 838 Et

416 906 493 955 vero
521 901 756 970 argumentum,
790 888 829 952 de
863 906 929 968 quo
954 887 1078 971 agitur,
1108 891 1239 954 scientia
1268 905 1343 970 est,

417 1022 483 1087 quo
503 1018 540 1068 ut
561 1004 680 1068 nullum
706 1003 735 1068 in
757 1004 959 1088 philosophia
987 1004 1113 1089 gravius
1135 1018 1183 1069 est
1209 1007 1261 1070 vcl
1284 1025 1346 1071 ma·

411 1123 487 1207 jus,
509 1119 552 1186 ita
576 1121 697 1186 nullum
720 1121 942 1203 philosopham
972 1120 1107 1186 indolem
1135 1140 1209 1186 cum
1237 1123 1345 1195 adver·

415 1237 457 1303 tit
488 1237 610 1322 magis,
639 1251 705 1302 tum
738 1235 851 1302 excitat
888 1237 1116 1302 vehementius.
1162 1236 1224 1303 Scd
1246 1237 1345 1321 ipsam

415 1357 479 1440 jam
505 1354 698 1443 attendamus
732 1352 962 1435 Theaetetum,
1002 1373 1099 1436 quum
1127 1355 1153 1420 is
1185 1372 1257 1418 cum
1285 1354 1346 1419 So·

415 1489 501 1537 crate
524 1472 710 1554 colloquens
736 1472 774 1537 ad
802 1472 863 1536 hoc
891 1485 1108 1556 argumentum
1134 1471 1265 1537 accedit.
1308 1470 1345 1537 ln

415 1588 488 1674 ipso
504 1589 627 1682 'honam
657 1589 820 1672 colloquio
862 1603 927 1654 tota
956 1589 1049 1653 nubis
1080 1588 1242 1673 apparebit
1273 1588 1348 1655 ado·

417 1706 581 1772 lescentuli
601 1706 738 1779 indoles.

433 1822 598 1893 Vixdum
628 1823 702 1888 hacc
731 1822 770 1890 de
801 1822 976 1890 Theaeteto
1004 1824 1124 1892 Socrati
1146 1824 1346 1890 nunciaverat

319 1941 327 1955 ⁰
419 1938 635 2019 Theodonrs,
668 1959 792 2021 quum,
824 1941 910 2006 cccc!
947 1941 1015 2022 ipse
1048 1938 1133 2006 forte
1166 1941 1347 2006 adolescens

413 2077 487 2125 curn
507 2058 573 2125 aliis
595 2056 724 2124 accedit.
770 2059 850 2123 Nam
875 2058 975 2123 stadio
1008 2057 1165 2136 exierant,
1189 2070 1225 2119 ut
1249 2072 1348 2138 unge·

415 2188 547 2255 rentur,
569 2193 652 2239 nunc
684 2174 769 2239 uncti
788 2175 900 2240 adsunt
925 2174 1086 2256 paratique
1107 2171 1146 2236 ad
1164 2184 1343 2254 certamen3

416 2290 470 2357 ille
489 2304 590 2356 autem
614 2290 750 2356 medium
778 2290 959 2356 interillos
987 2291 1092 2355 locum
1128 2302 1227 2354 tenet.
1258 2287 1347 2374 'Quo

414 2423 611 2492 conspectu,
641 2409 748 2490 atqui,
777 2408 880 2491 inquit
907 2408 1075 2487 Socrates,
1096 2405 1233 2491 cognovi
1260 2407 1351 2490 juve·
1406 2443 1415 2462 ·

414 2543 507 2606 nun,
541 2525 684 2606 quamvis
714 2544 829 2592 nomen
864 2526 999 2591 excidit:
1042 2520 1264 2610 Euphorionis
1299 2535 1349 2589 est

414 2639 520 2719 filius,
543 2640 602 2705 viri
625 2620 717 2720 sanc,
741 2661 761 2703 o
785 2642 904 2719 amice,
929 2642 998 2705 talis
1022 2644 1134 2721 plane,
1163 2643 1284 2721 qualem
1313 2655 1349 2704 tu

415 2755 499 2820 hunc
520 2754 724 2836 descripsisti.
770 2754 831 2820 Sed
852 2774 931 2840 age,
954 2757 1038 2820 hunc
1068 2755 1146 2839 jube
1175 2754 1269 2820 uobis
1285 2755 1348 2819 'hic

413 2870 558 2943 assidere.
601 2871 698 2958 Quod
719 2887 755 2936 ut
774 2870 890 2937 fecerat
916 2872 1106 2937 Theodorus
1127 2873 1254 2937 nomine
1274 2889 1351 2954 pro·

382 3079 385 3084 Ι
413 2987 560 3053 nunciato
591 2988 701 3069 pueri,
734 2989 796 3053 huc
834 2988 983 3069 omniun,
1019 2988 1211 3072 Theaetete,
1243 2986 1366 3072 adJicitv
1451 2991 1454 2995 ’

413 3104 583 3183 Socrates,
605 3105 667 3168 huc
687 3105 724 3167 ad
746 3122 807 3168 nos
829 3105 960 3185 accede,
983 3119 1019 3169 ut
1047 3124 1106 3190 ego
1127 3104 1347 3188 memetipsum

413 3220 619 3302 conspiciam.
664 3220 747 3286 Nam
770 3220 849 3285 dixit
869 3220 1083 3301 Theodotus,
1105 3223 1198 3287 vultu
1221 3240 1271 3288 mc
1290 3219 1350 3286 tibi

413 3336 605 3403 simillimum
635 3355 716 3403 csse.
769 3339 983 3405 Veruntamen
1019 3355 1055 3404 ut
1095 3353 1244 3421 constet,
1278 3358 1355 3406 vere

415 3455 477 3521 hoc
495 3456 613 3523 dixisse
628 3455 857 3536 Theodorum,
880 3475 986 3523 nonne
1016 3457 1226 3540 quaerendum
1253 3457 1352 3527 ,nobis

415 3584 487 3650 est,
509 3591 584 3641 num
604 3573 752 3658 pingendi
773 3573 800 3638 is
822 3589 917 3640 artem
943 3588 1069 3657 teneat,
1091 3593 1149 3640 nec
1170 3575 1240 3643 nei
1269 3575 1351 3645 Naar

415 3685 546 3769 pictoris
573 3705 639 3771 est,
672 3693 712 3757 dc
742 3690 854 3759 formis
883 3689 1120 3775 formarumque
1148 3691 1351 3758 similitudine

413 3800 574 3888 judicare,
615 3822 650 3871 ut
684 3808 825 3888 musici,
861 3807 900 3871 de
939 3808 1144 3874 similitudine
1185 3829 1349 3876 sonorum.

415 3918 562 3987 Pictorue
590 3923 687 4003 igitur
715 3940 764 3988 cst
792 3924 1010 3988 Theodorus?
1044 3960 1087 3974 -
1110 3925 1186 3988 Non
1211 3940 1283 4005 est,
1306 3945 1354 3993 re·

416 4037 553 4127 spondet
583 4036 799 4118 Theaetetus,
834 4038 920 4118 quod
943 4037 1050 4102 sciam.
1078 4069 1121 4083 -
1142 4039 1259 4108 Nonne
1278 4060 1354 4124 geo·

1291 4173 1355 4225 1110·
