2992 5220
743 474 749 482 -
851 418 1046 522 -1464-

487 637 606 691 cram
620 623 735 690 ucuat-
756 625 962 706 loquentem,
982 623 1099 691 lactum
1120 637 1189 706 est,
1210 616 1418 693 asscribens·
1448 708 1452 714 Ι

428 799 432 811 ,
484 741 585 811 afflet
604 740 636 807 in
656 741 834 821 lectorum,
856 740 1145 822 quodscrmom'bus
1164 740 1219 807 ills
1243 740 1275 805 in
1295 741 1419 806 audito-

484 868 554 926 tum
574 857 687 927 arinis
712 856 882 953 effecerat,
902 857 1051 922 scriberet
1072 859 1185 940 piune,
1208 858 1296 940 quod
1316 857 1421 940 dixit,

392 1020 401 1032 -
483 974 520 1041 in
538 977 653 1042 ammte
680 975 862 1053 hominem,
902 992 960 1041 uec
984 964 1197 1058 praesentium
1227 987 1349 1041 tantum
1385 984 1420 1041 el

481 1091 680 1174 aequalium,
702 1092 758 1158 sed
783 1104 983 1173 posterorum
1007 1091 1169 1172 ¹oannino,
1201 1092 1297 1175 hujus
1338 1091 1419 1158 adeo

483 1210 594 1277 aetatis
617 1222 747 1277 nostrae
771 1204 947 1275 hominum.
1004 1208 1090 1275 Haec
1125 1206 1229 1286 ratio,
1260 1208 1336 1273 haec
1366 1207 1420 1273 vis

481 1326 711 1406 attinendos,
728 1326 804 1392 haec
821 1326 854 1391 in
885 1325 994 1407 prirnis
1012 1341 1135 1392 aarum
1155 1341 1202 1392 est
1223 1325 1422 1408 dialogorum

479 1444 737 1513 Platonicorum
768 1456 800 1509 et
827 1460 904 1509 vero
937 1445 1076 1527 legentes
1102 1459 1158 1509 eos
1182 1459 1247 1511 non
1274 1440 1424 1511 videmur

481 1561 576 1630 nodis
606 1576 726 1628 tanturn
747 1558 829 1643 ipsis
857 1559 995 1624 Socratis
1019 1555 1219 1624 sermonibus
1245 1555 1419 1635 interesse,

482 1677 566 1758 sed,
606 1679 661 1760 qm
693 1675 807 1758 optinui
826 1677 984 1757 cujusque
1014 1671 1159 1738 dramatis
1195 1669 1421 1738 saluberrimus

481 1792 615 1864 effectus
642 1805 716 1873 est,
746 1790 812 1856 tim
843 1791 878 1856 in
909 1809 970 1856 nos
998 1789 1114 1855 habent
1141 1788 1282 1856 Socratis
1310 1788 1418 1869 dicta,

482 1918 518 1976 lc
556 1907 585 1974 si
613 1925 673 1974 nos
699 1907 744 1973 alt
774 1926 812 1973 eo
850 1907 969 1990 petitos
1001 1922 1193 1989 putaremus.
1248 1905 1423 1990 Sophistae

481 2043 556 2093 nrm
586 2024 636 2090 his
657 2022 798 2108 legendis
816 2022 944 2107 ingenio
962 2021 1130 2103 animoque
1157 2024 1310 2090 emendati
1330 1996 1416 2108 sini,

480 2141 614 2209 dubitor
636 2142 790 2207 namhoc
812 2159 910 2224 pensu
936 2138 1097 2205 hominurn
1117 2155 1249 2224 propter
1261 2141 1421 2224 praejudi-

480 2271 564 2326 catas
601 2256 768 2341 opiniones
802 2256 889 2322 ornni
924 2271 1023 2321 aetate
1061 2254 1231 2321 insanabile
1274 2255 1418 2324 habiturn

479 2389 554 2458 θείς
577 2375 633 2442 sed
649 2375 721 2458 quis
738 2394 886 2456 umquam
909 2391 1079 2458 generosae
1096 2373 1213 2439 indolis
1234 2373 1419 2443 adolescens

475 2493 649 2562 Phaedrum
669 2493 775 2575 legens
794 2492 845 2557 vel
862 2491 1094 2573 Theaetetum,
1114 2509 1180 2557 non
1203 2489 1418 2574 sibimetipse

476 2585 565 2677 risus
592 2624 642 2676 est
671 2608 833 2676 Phaedrus
868 2627 938 2674 esse
968 2607 1083 2690 aliquis
1108 2624 1162 2674 aut
1194 2607 1416 2690 Theaetetus,

477 2732 531 2808 et,
553 2727 659 2810 prouti
684 2726 753 2807 illi,
775 2746 795 2791 a
822 2725 958 2792 Socratis
979 2745 1036 2793 ore
1055 2727 1213 2810 pendere,
1245 2728 1419 2808 animoque

475 2846 644 2912 mcondere
678 2832 758 2927 qnae
797 2841 986 2926 acceperat?
1018 2843 1101 2930 Quis
1126 2863 1275 2926 umquam
1296 2861 1417 2927 senex,

474 2961 535 3055 qui
556 2962 684 3046 juvenis
715 2960 791 3046 legit
820 2962 979 3028 Platonem
1012 2961 1045 3027 in
1069 2960 1139 3044 ipsa
1158 2975 1322 3029 senectute
1345 2979 1418 3040 noo

471 3078 639 3144 confessus
660 3077 802 3158 est,hac
825 3096 860 3140 se
880 3076 1024 3158 inprimis
1046 3079 1206 3158 lectione,
1230 3094 1362 3163 propter
1381 3094 1416 3146 er

471 3190 619 3258 mammis
651 3201 685 3258 et
716 3190 896 3259 Socraticae
922 3192 1087 3258 suavitatis
1126 3193 1211 3275 vinu,
1244 3213 1308 3259 tnta
1338 3212 1418 3261 cum

472 3308 639 3393 sophistis
656 3309 864 3395 sophisticam·
882 3328 1005 3375 omnem
1034 3309 1196 3392 aversari,
1217 3329 1311 3378 veros
1341 3311 1415 3395 plri-

472 3427 629 3512 lasoplms
658 3446 760 3494 amare
782 3426 961 3495 didicisse?
983 3427 1127 3513 Dialogis
1154 3429 1330 3498 scribendis
1345 3431 1415 3498 eta

387 3553 391 3559 '
470 3559 517 3635 tn¹
539 3545 620 3611 idem
648 3544 712 3630 egit
733 3547 849 3629 pinne,
871 3545 959 3628 quod
988 3544 1060 3627 ipse
1080 3545 1119 3610 de
1139 3545 1286 3629 agricolis
1319 3546 1414 3614 dixit.
1473 3556 1475 3561 ’

470 3660 549 3726 Non
582 3659 695 3727 librum
726 3662 847 3744 edidit,
871 3681 960 3744 qno,
995 3666 1153 3744 tamquam
1182 3662 1215 3728 in
1246 3660 1414 3756 Adonidis

469 3776 599 3840 hortulo
630 3778 786 3860 quodam,
807 3777 900 3843 arctis
932 3775 1076 3860 finibus,
1110 3777 1294 3860 sapientiam
1325 3774 1413 3843 scili·
1489 3822 1494 3830 ·

468 3904 523 3958 tet
540 3908 651 3972 suant,
673 3907 710 3958 ut
736 3893 857 3960 faciunt
885 3906 1090 3978 systematum
1117 3907 1288 3975 auctores,
1310 3893 1413 3960 inclu-

469 4011 583 4095 deret·²
616 4009 674 4077 sed
710 4022 747 4073 ut
781 4010 868 4092 anmi
896 4013 1001 4076 solent
1019 3992 1208 4098 agaim,
1239 4011 1414 4081 Soeraticis

1212 4142 1215 4146 ’
1328 4128 1405 4197 scri·
