2992 5220
513 540 514 543 Ν
612 440 827 535 ‘-rs-

275 638 339 703 lum
371 637 410 703 ad
436 613 598 712 ‚astrorum
633 636 860 718 universaeque
890 649 1017 701 naturae
1048 640 1202 706 conditio-

274 774 343 821 nem
370 753 612 838 explorandam,
641 770 751 816 verum
778 751 918 817 omnium
945 751 1075 817 maxime
1105 761 1203 839 πρὸς

271 874 605 951 τὴντοῦκαλοῦ
633 895 679 938 re
709 872 779 938 tui
809 872 1206 954 trasumenum,

273 985 511 1075 adpulcri
540 984 737 1071 bonique
770 983 1149 1073 disquisitionem
1175 999 1207 1053 et

275 1105 360 1170 velet
384 1116 416 1171 et
443 1103 599 1171 tractastis
623 1116 673 1170 est
692 1099 740 1167 ω.
782 1101 939 1188 Exemplo
967 1101 1001 1169 id
1022 1099 1209 1185 comproba-

275 1236 349 1288 runt
383 1239 443 1287 suo
469 1219 594 1287 maximi
625 1231 686 1284 tam
716 1216 857 1297 veteris,
900 1238 1000 1305 quarn
1026 1218 1209 1285 recentioris

273 1337 345 1405 aevi
374 1335 604 1417 mathematici,
647 1335 704 1417 qui
735 1335 885 1400 acerrimo
921 1333 1013 1400 iidem
1045 1337 1212 1403 valuerunt

276 1454 378 1549 pulcri
403 1453 543 1535 uotique
573 1470 695 1533 rursu,
738 1451 817 1536 ipsis
847 1465 950 1518 autem
976 1451 1065 1520 hisce
1092 1454 1214 1522 mathe-

276 1574 398 1643 mancis
427 1574 541 1641 studiis
567 1572 681 1640 eximie
715 1574 800 1638 hunc
830 1585 863 1638 et
889 1587 1040 1639 acuerunt
1064 1590 1098 1640 et
1118 1590 1214 1641 excu-

276 1695 417 1759 lueruut.
461 1691 587 1757 Scilicet
611 1688 689 1772 qnid
713 1691 860 1774 pulcrum
883 1704 953 1772 est,
975 1689 1054 1772 quid
1070 1689 1213 1774 bonum,

281 1808 359 1892 quid
385 1807 420 1874 in
449 1807 662 1890 qualicunque
692 1824 727 1874 re
758 1807 915 1875 excellens
941 1820 973 1872 et
1000 1808 1213 1891 praeclarum,

279 1923 342 1991 uisi
369 1923 456 2004 quud
476 1924 558 1989 idem
586 1937 636 1988 est
664 1924 801 1990 verum?
823 1925 877 1990 Ad
903 1929 1140 1989 verum'autem
1166 1925 1216 1989 in·

278 2037 496 2122 vestigandum
523 2037 683 2121 pertinent
711 2040 768 2104 hae
796 2038 978 2119 disciplinae
1000 2038 1213 2119 potissimum.

280 2155 484 2242 Quapropter
509 2155 600 2223 Plato
629 2153 802 2220 tractandas
826 2171 880 2219 eas
911 2154 1059 2236 censuit,
1080 2172 1146 2221 non
1166 2156 1217 2241 ip·

279 2292 383 2348 aarum
410 2290 543 2354 causer,
573 2290 631 2338 nee
655 2290 734 2338 veru
762 2273 894 2352 solum,
916 2285 953 2337 ut
983 2271 1078 2338 rebus
1101 2273 1217 2356 physi-

280 2391 328 2458 cis
355 2389 547 2474 explicandis
575 2388 821 2470 adhiberentur,
863 2389 920 2455 aed
953 2387 1092 2455 omnium
1122 2390 1218 2458 maxi·
1306 2473 1312 2484 .

281 2526 360 2591 me,
378 2522 417 2574 ut
444 2500 642 2574 erudirentur
663 2507 701 2573 iis
722 2505 846 2592 ingenia
871 2502 1049 2592 juvenum,
1071 2520 1108 2572 ut
1130 2507 1216 2590 qnod

280 2623 315 2691 in
341 2624 462 2691 utibus
492 2625 661 2708 pulcrum,
683 2623 717 2688 in
747 2622 857 2688 officiis
877 2623 1083 2706 moribusque
1103 2627 1220 2693 hone·

281 2757 350 2810 tum
378 2756 428 2809 est
456 2755 489 2809 et
515 2743 661 2822 bonum,
682 2742 928 2823 adsequerentur
946 2740 1061 2825 facile,
1083 2755 1144 2825 ut,
1165 2758 1220 2809 er·

282 2861 378 2928 citato
409 2873 611 2945 purgatoque
638 2858 731 2925 animi
762 2859 882 2940 oculo,
924 2875 1035 2928 uuum
1062 2860 1094 2926 in
1122 2860 1219 2928 rebus

282 2977 457 3060 omnibns,
487 2977 631 3060 pulcris,
663 2975 777 3058 bonis,
806 2975 924 3059 justis,
957 2989 1085 3057 tumque
1103 2976 1219 3042 divinia

283 3091 372 3172 iltis,
415 3112 508 3174 quam
546 3093 713 3174 humanis,
745 3091 836 3175 quati
864 3090 1062 3173 adspicerent
1097 3102 1215 3158 metite.

284 3205 361 3274 Hoc
390 3206 622 3290 disciplinantur
657 3210 960 3290 mathematicatum,
1002 3209 1042 3276 de
1079 3207 1220 3276 Plutonis

284 3321 444 3394 sententia
471 3323 629 3392 sumtuum
656 3329 858 3410 propositum
889 3322 968 3395 estt'
994 3326 1027 3392 id
1048 3343 1126 3392 vero
1152 3342 1222 3395 um·

283 3442 385 3512 tubus
409 3441 478 3510 fere
503 3440 610 3527 ipsius
631 3453 734 3507 aetate
757 3462 877 3511 novum
898 3443 1055 3510 accidebat
1076 3455 1108 3511 et
1132 3443 1223 3511 inane

284 3561 400 3628 dimrn.
444 3559 508 3627 sed
526 3559 602 3624 haec
616 3558 658 3624 de
673 3555 787 3622 studiis
808 3558 1028 3627 nutnematieis
1046 3561 1220 3647 sufficiunt,

286 3675 374 3745 nme
404 3674 597 3745 dialecticem
616 3690 852 3760 persequamur.

326 3909 368 3981 (ι)
387 3909 431 3963 De
447 3907 515 3977 lep.
532 3907 601 3966 Vss.
618 3910 677 3965 551.
695 3910 730 3965 C.
